2836 4838
682 272 723 341 23

130 448 310 514 Poliorceta
338 450 420 514 facta
448 450 662 539 significetur,
692 473 728 516 ac
757 454 907 518 facillime
937 451 1065 538 quidem
1104 460 1135 518 et
1164 450 1211 518 illi
1249 460 1280 519 et

131 560 245 624 ceteris
275 559 353 623 viris
383 560 482 624 doctis
506 562 648 626 accidere
671 564 789 646 potuit,
819 568 854 626 ut
876 563 1110 628 nobilissimum
1134 564 1203 628 eius
1232 565 1280 628 rei

131 666 316 749 exemplum
333 673 502 748 sumerent,
525 670 553 732 si
567 669 692 733 fabulae
707 669 923 753 conveniebat,
945 675 1049 734 cetera
1064 667 1290 755 neglegerent.¹

131 772 194 837 Sed
218 775 388 867 complura,
411 776 438 838 si
461 776 553 858 paulo
576 776 724 840 subtilius
752 779 786 840 in
809 777 946 841 fabulam
969 779 1177 862 inquirimus,
1209 798 1280 842 sen·
1365 775 1368 783 “

130 883 262 948 tentiam
286 903 381 968 supra
403 881 594 965 explicatam
617 881 754 946 reddunt
776 882 966 947 dubitationi
990 882 1168 947 obnoxiam.
1202 882 1280 946 Our-

130 991 290 1054 oulionem
315 991 482 1055 audientes
505 994 724 1072 exspectamus
754 1009 868 1073 graves
898 991 1035 1074 impetus
1057 993 1209 1056 adversus
1232 991 1281 1055 Si-

131 1120 265 1182 cyonem
289 1101 387 1164 factos
410 1119 488 1182 esse,
512 1100 655 1163 obsessos
678 1101 744 1163 acri
766 1101 870 1163 studio
894 1101 1020 1166 moenia
1048 1103 1227 1167 defendisse
1251 1107 1282 1166 et

131 1211 264 1294 sagittas
287 1210 523 1293 catapultasque
555 1211 588 1272 in
620 1209 843 1294 aggredientes
873 1211 993 1275 iecisse.
1039 1211 1073 1275 Si
1096 1211 1291 1296 Diodorum,

132 1318 348 1402 Plutarchum,
370 1318 568 1411 Polyaenum
591 1318 795 1400 inspicimus,
828 1320 874 1381 nil
897 1320 1037 1383 istorum.
1082 1319 1202 1383 Urbem
1226 1319 1280 1382 ad-

132 1428 261 1492 modum
286 1427 448 1492 diffioilem
472 1446 540 1490 esse
567 1427 606 1489 ad
631 1429 880 1512 expugnandum
904 1429 1053 1493 docuerat
1082 1448 1184 1492 annus
1208 1430 1280 1512 313,

132 1538 230 1620 q'uare
252 1536 434 1601 Demetrius
463 1538 600 1619 primum
633 1536 739 1599 dolum
772 1538 984 1620 excogitavit,
1018 1558 1080 1621 quo
1108 1536 1281 1602 Ptolemaei

133 1647 250 1710 milites
272 1647 465 1709 incautiores
488 1645 634 1709 redderet
657 1644 816 1726 (Polyaen.
833 1645 879 1708 IV
905 1649 932 1728 7,
947 1647 991 1728 3),
1015 1647 1129 1711 deinde
1153 1653 1279 1711 noctu

132 1756 259 1818 moenia
272 1755 406 1836 transiit,
429 1773 533 1817 arcem
549 1758 654 1817 autem
667 1753 848 1834 Sicyonium
866 1773 927 1817 non
942 1755 1145 1838 oppugnavit,
1169 1775 1279 1820 verum

133 1866 168 1924 ut
191 1860 252 1924 sibi
274 1861 450 1924 traderetur
473 1859 576 1922 effecit
598 1861 755 1942 praesidio
778 1864 863 1922 metu
887 1864 1113 1924 tormentorum
1137 1861 1280 1943 perculso

134 1969 238 2052 (Diod.
262 1969 330 2033 XX
361 1971 432 2051 102,
447 1970 476 2048 2)
514 1974 544 2033 et
578 1970 712 2052 pecunia
745 1974 890 2052 corrupto
923 1969 1018 2049 (Plut.
1050 1969 1187 2034 Demetr.
1212 1967 1279 2053 25).

131 2079 231 2144 Urbis
262 2085 368 2143 autem
392 2078 588 2162 expugnatio
619 2098 681 2141 non
715 2084 776 2142 tam
808 2078 982 2142 obsidionis
1011 2080 1132 2142 ratione
1165 2075 1282 2143 nobilis

130 2190 214 2252 facta
236 2193 283 2252 est
306 2208 400 2271 quam
424 2206 470 2270 eo,
493 2187 577 2270 quod
593 2185 774 2251 Demetrius
798 2207 868 2251 eam
890 2188 923 2250 in
948 2176 1046 2250 alium
1069 2187 1172 2251 locum
1196 2194 1280 2252 tran-

132 2299 229 2362 stulit.
283 2295 381 2360 Porro
418 2295 619 2360 Curculionis
656 2295 751 2360 verba
784 2295 837 2374 (vs.
861 2295 924 2356 442
948 2293 1026 2378 sqq.)
1068 2294 1281 2357 consideranti

132 2404 213 2468 mihi
234 2423 298 2475 non
321 2404 354 2467 id
377 2404 494 2467 mirum
511 2404 644 2484 videtur,
668 2403 752 2486 quod
765 2401 915 2467 Graeciae
931 2403 1145 2486 occupationis
1161 2403 1280 2466 mentio

134 2532 196 2576 non
227 2512 278 2593 fit,
311 2531 384 2575 nam
416 2530 453 2574 eo
480 2509 662 2574 Demetrius
697 2510 887 2573 Poliorcetes
921 2511 1008 2574 venit
1030 2508 1195 2589 liberator,
1225 2508 1281 2572 sed

132 2621 230 2683 miror
253 2619 401 2702 equidem
426 2617 543 2681 bellum
578 2638 649 2681 oum
674 2617 806 2680 Rhodiis
837 2618 919 2681 male
941 2624 1066 2701 gestum
1091 2635 1280 2681 commemo-

133 2729 206 2809 rari,
228 2727 459 2790 nobilissimam
482 2730 576 2808 atque
595 2725 809 2789 felicissimam
832 2729 864 2789 in
882 2725 1021 2809 Cyprum
1046 2725 1280 2808 expeditionem

133 2838 170 2919 (a.
196 2837 268 2916 306)
303 2835 414 2900 omitti.
459 2835 506 2898 Ea
535 2841 638 2899 autem
672 2837 830 2919 praeclara
861 2837 1016 2919 facinora,
1056 2854 1136 2918 quae
1167 2834 1302 2897 Thera.

133 2948 307 3030 pontigono
326 2945 535 3028 ascribuntur,
558 2945 652 3029 longe
677 2947 825 3029 pleraque
848 2947 931 3009 intra
952 2965 1052 3009 annos
1076 2944 1138 3007 316
1163 2948 1194 3006 et
1217 2945 1279 3006 312

131 3060 222 3136 gesta
245 3060 327 3138 sunt,
350 3073 450 3118 unum
472 3054 581 3117 saltem
613 3073 676 3116 non
699 3074 827 3118 necesse
859 3060 906 3118 cst
928 3055 1002 3117 huic
1024 3054 1157 3136 tempori
1189 3051 1279 3114 abiu-

132 3165 240 3246 dicari,
264 3184 363 3227 unum
386 3168 508 3228 tantum
531 3182 650 3226 annum
674 3164 736 3226 312
761 3163 915 3227 excedere
939 3163 1072 3226 videtur.
1122 3161 1220 3244 Atqui
1243 3180 1280 3224 ea

131 3273 171 3336 ab
196 3274 289 3336 attico
311 3277 411 3356 poeta,
433 3273 461 3335 si
485 3272 561 3355 quid
585 3273 685 3354 vide0,
709 3291 746 3335 eo
769 3273 900 3335 oonsilio
925 3273 1051 3335 laudata
1072 3276 1162 3352 sunt,
1195 3275 1282 3334 utet

132 3383 173 3447 ad
197 3401 246 3446 res
270 3401 344 3446 vero
366 3387 472 3466 gestas
497 3382 652 3464 pertinere
674 3387 704 3444 et
727 3401 804 3463 quas
834 3382 947 3445 adres
970 3382 1147 3465 pertineant
1176 3381 1281 3443 statim

132 3497 360 3577 cognoscerent
382 3498 572 3575 spectatores
595 3491 804 3554 Athenienses
813 3489 860 3575 *);
892 3511 967 3554 num
995 3490 1095 3574 igitur
1117 3489 1281 3553 credemus

222 3645 248 3714 *)
267 3644 448 3698 Athenienses
469 3643 529 3697 dico
550 3650 577 3698 ct
596 3643 711 3698 Athenis
731 3658 949 3709 unamquamque
975 3643 1106 3711 palliatae
1126 3641 1282 3696 comoediae

83 3809 90 3818 ⁹
131 3737 256 3792 fabulam
269 3738 357 3806 primo
371 3736 480 3791 doctam
499 3753 559 3791 esse
573 3737 707 3803 existim0,
726 3737 779 3790 nisi
792 3737 847 3790 alia
860 3735 1027 3790 dissuadent.
1058 3736 1136 3804 Quod
1148 3737 1282 3789 Dziatzko

131 3831 161 3884 in
180 3847 247 3886 mus.
267 3832 354 3885 Rhen.
375 3831 426 3883 vol.
447 3831 537 3884 XXIV
556 3848 582 3898 p.
597 3834 650 3883 574
669 3829 730 3884 adn.
748 3832 765 3883 8
784 3829 863 3883 dicit:
884 3830 954 3898 „Die
970 3830 1153 3900 griechischen
1171 3829 1283 3882 Dichter

132 3926 197 3980 aber
214 3925 335 3979 mochtea
353 3923 455 3994 infolpe
475 3924 577 3978 lohcler
596 3924 750 3978 interesses
771 3927 849 3990 (retem
868 3926 928 3978 weil
948 3925 991 3978 die
1009 3923 1107 3978 Sticho
1127 3924 1158 3976 ih
1177 3923 1283 3976 anderu

135 4017 252 4073 Stddten
271 4020 314 4073 als
332 4019 423 4072 Athen
439 4025 528 4072 auersi
547 4035 595 4072 aar
608 4017 786 4087 Auffiihruag
805 4018 913 4085 horrica)
934 4018 1064 4072 auaeilea
1081 4018 1158 4071 einen
1178 4017 1284 4071 eredere

134 4111 303 4180 Schnuplota
317 4117 383 4165 stati
402 4111 448 4164 des
457 4110 659 4180 pecudiaaliehea
671 4111 803 4178 whhlea,“
825 4116 900 4163 certe
916 4127 970 4162 non
983 4110 1122 4164 satisfacit
1139 4110 1194 4176 rei3
1220 4125 1283 4162 nam

132 4204 187 4259 etsi
209 4205 355 4259 nonnullas
381 4203 491 4257 fabulas
519 4205 606 4272 primo
634 4204 694 4256 aliis
720 4203 749 4255 in
773 4203 880 4271 oppidis
905 4201 999 4256 doctas
1024 4218 1084 4257 esse
1110 4219 1164 4255 non
1189 4202 1284 4268 utique

131 4298 297 4366 negaverim,
317 4302 408 4351 tamen
427 4311 481 4350 non
495 4297 582 4350 solum
595 4294 754 4362 Menander,
774 4311 867 4348 verum
882 4295 965 4349 etiam
977 4295 1105 4364 Diphilus
1116 4294 1283 4363 Sinopensis,

131 4390 257 4446 Philemo
277 4389 448 4462 Syracusius,
468 4388 631 4459 Apollodori
650 4394 678 4444 et
698 4389 839 4460 Carystius
858 4394 886 4444 et
905 4389 1005 4444 Gelous
1026 4388 1085 4442 fore
1104 4389 1219 4445 Athenis
1239 4386 1284 4441 de-

1031 4488 1049 4525 .)
1060 4485 1075 4519 s
