2836 4838
677 240 719 303 54

132 417 165 480 in
196 435 308 500 regum
337 415 465 480 fictione
497 416 580 507 inest
601 416 786 498 ridiculum,
820 436 910 479 suam
940 415 1004 479 vim
1037 414 1161 479 habere
1184 413 1282 497 potnit

132 525 215 608 apud
238 525 374 605 Graecos
398 525 582 608 Agathoclis
614 530 645 589 et
666 525 816 589 Hieronis
839 526 1002 606 aequales,
1038 524 1178 588 minime
1202 523 1281 608 apud

130 631 296 698 Romanos.
343 633 510 697 Praeterea
531 632 678 696 Phintiae
701 639 734 697 et
758 633 923 717 Liparouis
945 634 1077 696 nomina
1100 639 1182 696 sunt
1204 633 1281 696 bene

132 743 314 823 siciliensia,
336 741 483 806 Phintiae
512 743 614 806 adhuc
646 761 707 805 non
733 744 896 806 inventum
929 747 977 807 est
1005 743 1070 806 nisi
1102 747 1164 806 aut
1186 741 1282 806 Siculi

132 854 188 913 aut
209 868 344 933 magnae
368 848 518 912 Graeciae
540 849 671 930 incolae,
704 847 868 932 Liparouis
892 849 1019 913 ductum
1044 854 1092 912 est
1117 870 1137 911 a
1162 847 1283 932 Lipara,

135 964 169 1023 ut
196 958 325 1023 Gelonis
364 979 383 1022 a
413 957 506 1040 Gela,
538 958 746 1038 Tyndarionis
775 978 794 1021 a
819 958 1014 1041 Tyndaride,
1046 957 1214 1039 Hyblonis
1245 957 1281 1021 ab

132 1068 256 1150 Hybla3
290 1069 322 1131 id
347 1067 430 1151 quod
454 1071 485 1130 et
507 1068 611 1151 ipsum
627 1066 846 1150 multomagis
869 1068 997 1131 atticum
1013 1073 1141 1149 poetam
1163 1067 1283 1131 redolet

133 1197 228 1258 quam
250 1196 424 1240 romanum.
470 1175 579 1239 Unum
602 1180 723 1239 tantum
757 1176 879 1240 obstare
908 1177 1050 1259 videtur,
1083 1177 1175 1260 quod
1206 1175 1283 1239 mihi

134 1284 209 1346 olim
242 1284 346 1346 visum
384 1285 431 1345 est
456 1282 653 1344 contrarium
685 1279 824 1361 efficere,
856 1280 1055 1344 Menaechmi
1087 1300 1281 1362 responsum

133 1392 233 1456 Haud
252 1391 348 1471 falsu,
383 1389 503 1469 citatior,
522 1389 710 1469 praedicas·
740 1410 814 1453 nam
837 1391 937 1474 primo
961 1389 1072 1454 obtutu
1097 1411 1168 1454 non
1192 1392 1282 1456 facile

136 1504 303 1587 quisquam
327 1499 389 1564 sibi
411 1500 602 1583 persuaserit
624 1501 800 1583 ingenuum
824 1499 1073 1582 adulescentem,
1106 1502 1167 1583 qui
1189 1499 1281 1581 Syra·

134 1613 219 1676 cusis
242 1615 333 1673 natus
357 1611 398 1672 sit
431 1613 461 1672 et
484 1609 539 1671 diu
570 1609 616 1672 ibi
640 1608 750 1689 fuerit,
782 1613 899 1671 tantam
929 1627 1035 1672 rerum
1057 1609 1184 1692 patriae
1208 1628 1281 1674 suae

132 1717 322 1800 imperitiam
346 1734 476 1798 praese
500 1717 608 1779 tulisse
631 1718 664 1778 in
688 1717 782 1780 attica
803 1717 917 1781 fabula.
961 1716 1005 1780 At
1027 1735 1067 1780 ne
1090 1718 1281 1782 haereamus

134 1825 166 1886 in
207 1842 259 1905 eo,
290 1823 437 1888 historiae
468 1824 723 1907 depravationem
759 1830 841 1887 certe
878 1824 1020 1908 admisit,
1051 1844 1160 1906 neque
1196 1828 1278 1890 enim

135 1929 233 1994 Hiero
256 1929 294 1993 ab
319 1931 380 1993 alio
403 1933 591 2015 imperatore
613 1951 748 2015 regnum
774 1933 905 2015 adeptus
928 1937 982 1996 est.
1027 1930 1154 1996 Deinde
1178 1933 1280 2017 gratia

134 2038 229 2102 huius
252 2039 314 2102 loci
336 2040 369 2102 in
393 2039 516 2121 agendo
539 2040 643 2118 posita
666 2044 720 2121 est,
744 2039 888 2102 videmus
910 2040 1107 2103 meretricem
1129 2040 1279 2104 muliebri

133 2145 321 2225 loquacitate
344 2152 375 2208 et
398 2147 556 2209 celeritate
580 2146 679 2208 multa
701 2146 804 2227 simul,
835 2165 910 2209 vera
932 2146 1027 2228 falsa,
1060 2146 1229 2211 effundere
1250 2152 1280 2212 et

134 2254 251 2337 optime
274 2256 487 2337 excogitatum
510 2260 671 2338 putamus,
703 2255 786 2337 quod
810 2253 1051 2331 Menaechmus,
1084 2256 1141 2338 qni
1167 2275 1279 2339 nempe

134 2362 319 2446 Agathoclis
353 2368 384 2425 et
414 2362 564 2425 Hieronis
596 2364 724 2425 nomina
757 2368 840 2426 certe
872 2364 1026 2448 percepit,
1057 2364 1186 2447 reliqua
1218 2384 1278 2428 non

135 2475 224 2534 curat
254 2475 340 2534 tanta
370 2470 536 2534 verborum
570 2470 652 2532 mole
682 2451 913 2553 obstupefactus
943 2477 1036 2551 atque
1068 2490 1105 2534 eo
1137 2475 1279 2536 maxime

134 2578 298 2658 attonitus,
329 2579 411 2661 quod
443 2598 476 2641 se
508 2583 538 2640 et
568 2579 700 2660 patriam
730 2598 819 2641 suam
843 2578 951 2642 Erotio
982 2585 1055 2642 nota
1084 2599 1154 2643 esse
1184 2583 1278 2646 videt

133 2685 219 2769 Ergo
242 2706 304 2749 non
328 2688 429 2749 solum
443 2685 627 2769 Agathoclis
650 2690 681 2748 et
703 2685 861 2760 Hieronis,
885 2706 993 2751 verum
1018 2689 1112 2751 etiam
1130 2689 1279 2755 Phintiae

134 2799 165 2858 et
179 2795 343 2878 Liparouis
367 2797 496 2858 nomina
518 2813 631 2876 graeco
655 2795 799 2877 exemplo
823 2795 963 2858 adhibita
985 2794 1121 2878 fuerunt,
1147 2802 1179 2861 et
1203 2800 1280 2863 haec

128 2884 262 2988 'guidem
284 2905 414 2967 fortasse
437 2904 476 2966 ad
500 2908 653 2966 certorum
679 2908 744 2965 tum
769 2905 917 2986 temporis
938 2905 1164 2987 imperatorum
1188 2908 1279 2972 nobi·

133 3012 212 3076 lium
230 3012 413 3075 memoriam
437 3012 677 3090 accommodata,
701 3010 847 3074 Phintias
871 3012 941 3075 dico
955 3014 1124 3096 Agrigenti
1150 3017 1280 3096 tyranni

135 3130 165 3186 et
188 3122 387 3185 nesciocuius
410 3120 574 3204 Liparouis
597 3120 689 3183 nobis
711 3122 823 3203 ignoti,
847 3124 912 3185 noti
936 3123 1196 3188 Atheniensibus.

220 3231 309 3294 Haeo
350 3230 519 3294 dummodo
552 3230 779 3311 concedantur,
810 3235 892 3293 totus
930 3231 1017 3294 locus
1056 3235 1281 3298 commendare

135 3342 268 3422 videtur,
293 3340 559 3403 utMenaechmos
582 3340 611 3402 ei
628 3340 760 3422 tempori
783 3338 986 3419 ascribamus,
1010 3360 1071 3423 quo
1084 3341 1282 3424 Agathocles

134 3449 276 3511 omnium
299 3446 543 3510 Atheniensium
568 3446 719 3508 memoria
742 3444 915 3527 tenebatur,
946 3446 1044 3509 Hiero
1067 3466 1129 3509 non
1155 3450 1200 3512 ita
1226 3450 1282 3513 diu

132 3557 293 3642 regnabat.
339 3555 465 3619 Certum
489 3555 588 3637 igitur
610 3554 780 3616 terminum
813 3573 930 3617 annum
955 3555 1018 3623 269
1051 3556 1132 3618 nacti
1158 3576 1282 3640 sumuS,

135 3687 193 3730 nec
223 3665 472 3750 improbabiliter
501 3669 637 3726 statuere
676 3661 766 3726 nobis
797 3664 943 3726 videmur
970 3664 1108 3728 fabulam
1141 3685 1207 3728 uno
1241 3686 1283 3731 ex

133 3775 276 3858 proxime
299 3769 504 3854 sequentibus
527 3769 619 3832 annis
642 3776 741 3833 actam
766 3790 843 3853 esse,
867 3773 922 3834 vix
945 3776 1015 3855 post
1036 3771 1112 3836 belli
1128 3771 1283 3839 Chremo-

134 3884 221 3948 nidei
245 3887 300 3946 aut
323 3881 415 3965 primi
437 3879 551 3943 Punici
575 3880 712 3942 initium.

218 3993 285 4057 Iam
309 3992 336 4055 si
357 3997 459 4053 cetera
482 3988 733 4073 consideramus,
765 3991 843 4053 nihil
868 3990 1003 4055 efficitur
1026 4010 1078 4072 e0,
1102 3991 1188 4073 qnod
1212 3991 1284 4058 Me·

134 4103 305 4167 naechmus
329 4120 356 4162 v.
380 4101 442 4162 235

306 4209 446 4286 Histros,
473 4207 645 4287 Hispanos,
672 4207 904 4289 Massilienses,
929 4208 1086 4290 Hilarius,

239 4331 242 4341 ’
306 4318 403 4382 Mine
425 4335 572 4396 superum
595 4333 683 4378 omne
711 4313 937 4399 &aeriamque
958 4317 1109 4382 esoiicom
