2836 4838
686 236 728 301 24

134 415 205 496 post
225 430 252 474 a.
276 407 338 473 303
369 426 561 494 quemquam
590 429 699 475 earum
722 412 922 496 meminisse,
956 430 1037 496 quae
1069 418 1146 478 ante
1181 412 1288 480 decem

133 521 245 603 plusve
268 538 367 582 annos
397 523 505 602 gestae
536 520 647 583 erant?
692 517 840 604 Denique
870 521 1004 604 tempori
1033 522 1164 587 tabulae
1196 545 1289 610 snpra

136 628 304 692 constituto
335 628 467 691 minime
497 629 624 693 videtur
658 630 843 711 convenire,
872 628 957 713 quod
989 629 1289 718 Therapontigonus

135 734 357 818 Platagidorus
377 739 512 798 statuam
528 753 657 799 auream
674 739 848 798 statuturus
870 740 926 818 est,
950 756 1012 821 qua
1033 739 1118 804 faeta
1140 761 1204 806 sua
1227 761 1290 806 me-

134 843 254 907 moriae
276 844 402 928 prodat,
432 843 465 906 id
489 844 631 906 enimin
656 844 777 907 latrone
799 842 955 909 Demetrii
984 864 1044 911 nec
1067 850 1290 933 perspicimus

135 954 163 1018 si
179 952 273 1037 paulo
296 957 368 1017 ante
391 972 450 1017 nec
472 953 500 1016 si
517 954 611 1037 paulo
634 958 702 1037 post
716 954 873 1037 proelium
888 955 1047 1038 Ipsiacum
1059 957 1288 1024 Curculionem

136 1062 241 1127 datam
264 1080 332 1127 esse
348 1063 523 1126 statuimus.
556 1060 652 1126 Dices
668 1063 800 1127 militem
815 1063 989 1147 gloriosum
1005 1086 1139 1151 semper,
1163 1070 1290 1133 etiarnsi

135 1171 217 1235 nihil
239 1171 436 1254 praestiterit,
457 1187 508 1232 res
531 1189 550 1231 a
572 1187 605 1233 se
621 1174 725 1251 gestas
738 1171 928 1258 praedicare.
966 1172 1086 1257 Fateor,
1110 1175 1168 1238 sed
1194 1177 1289 1240 etiarn

135 1281 188 1344 hio
211 1286 312 1364 teneo,
336 1279 420 1364 qnod
442 1298 537 1361 supra
559 1278 668 1360 posui,
704 1298 813 1343 omnes
837 1299 936 1344 novae
959 1283 1142 1348 comoediae
1164 1285 1290 1350 fabulas

137 1391 228 1473 qnasi
250 1389 413 1475 speculum
441 1386 591 1472 praebere
623 1389 673 1451 sni
703 1389 868 1472 temporis,
902 1410 963 1453 non
993 1391 1093 1476 igitur
1124 1394 1290 1478 probabile

136 1497 217 1561 duco
242 1496 342 1561 ullum
358 1501 482 1579 poetam
493 1495 688 1559 Poliorcetae
712 1497 844 1561 militem
860 1498 1026 1564 induxisse
1042 1509 1289 1569 monumentum

134 1608 225 1672 factis
248 1605 315 1670 suis
338 1610 544 1686 statuturnrn,
575 1625 646 1668 cum
671 1607 812 1669 omnium
837 1606 1028 1672 Graecorum
1061 1610 1161 1674 animi
1194 1614 1289 1677 vehe

136 1721 260 1781 menter
287 1716 410 1778 incitati
441 1714 543 1798 qualis
573 1716 688 1778 summi
718 1716 801 1779 inter
833 1736 925 1801 reges
955 1718 1149 1783 discriminis
1181 1722 1291 1786 exitus

136 1829 219 1890 esset
240 1824 366 1887 futurus
389 1823 621 1908 exspectabant,
644 1843 703 1886 nec
725 1824 829 1908 magis
853 1826 946 1909 paulo
977 1832 1047 1911 post
1070 1848 1166 1911 quam
1193 1830 1292 1894 Anti.

136 1933 214 2018 goni
236 1938 268 1997 et
279 1932 432 1996 Demetrii
455 1933 563 2014 copiae
579 1933 801 2016 gravissimam
817 1935 939 1998 cladem
955 1942 1147 2021 acceperunt
1159 1956 1288 2004 eorum-

137 2059 198 2125 que
222 2059 368 2104 eversum
401 2043 449 2103 est
469 2058 622 2122 regnum.
667 2037 768 2102 Immo
798 2045 853 2103 ant
881 2041 972 2105 fallor
1005 2047 1061 2106 aut
1083 2041 1290 2109 Curculionis

136 2149 224 2212 locus
251 2147 385 2232 scriptus
402 2150 479 2228 est,
511 2166 583 2209 cum
613 2145 693 2209 bello
724 2147 830 2229 aliquo
863 2147 901 2210 ab
927 2148 1080 2231 Antigoni
1102 2148 1297 2232 legionibus.

46 2343 47 2348 ἵ
137 2276 252 2342 magna
275 2277 348 2320 cnm
369 2256 463 2320 laude
486 2260 575 2338 gesto
598 2275 661 2338 pax
684 2275 747 2318 non
770 2257 815 2318 ita
837 2256 935 2319 multo
959 2261 1030 2320 ante
1052 2257 1134 2321 facta
1151 2265 1235 2323 erat.

222 2363 313 2427 Alias
335 2362 435 2446 igitur
457 2360 694 2424 consideremus
718 2364 839 2443 oportet
854 2359 999 2442 Sicyonis
1022 2364 1288 2446 oppugnationes.

136 2472 242 2554 Atque
276 2471 315 2534 de
339 2470 533 2553 temporibus
556 2453 714 2532 societatis
737 2469 894 2532 Achaicae
924 2489 964 2533 ne
987 2472 1183 2555 cogitemus,
1214 2493 1289 2537 oum

136 2581 198 2645 alia
221 2581 345 2644 obstant
374 2585 440 2643 tum
464 2580 573 2642 militis
597 2579 740 2642 condicio
764 2579 914 2658 attacta,
952 2599 1033 2644 unus
1062 2581 1207 2664 reliquus
1241 2587 1290 2647 est

136 2708 238 2753 annus
262 2690 341 2771 313,
372 2707 434 2770 quo
462 2687 686 2769 Telesphorum
718 2687 757 2749 ab
780 2688 942 2770 Antigono
972 2687 1005 2749 in
1030 2687 1287 2772 Peloponnesum

135 2798 269 2863 missum
291 2795 460 2877 Sicyonem
496 2800 527 2859 et
549 2795 734 2860 Corinthum
767 2797 912 2860 adortum
943 2816 1011 2861 esse
1042 2797 1103 2861 etsi
1133 2817 1198 2862 non
1231 2819 1288 2864 ex-

136 3056 237 3126 gebant
263 3057 479 3124 Atheniensique
506 3072 622 3110 scaenae
653 3056 762 3110 fabulas
787 3056 947 3111 condebant.
995 3056 1073 3124 Quod
1096 3056 1197 3116 Mache
1222 3060 1290 3114 Ale·

135 3151 270 3206 xandriae
290 3151 410 3220 scripsit,
430 3168 484 3204 non
503 3151 632 3217 Athenis,
659 3149 688 3204 id
707 3166 788 3217 quarn
807 3151 945 3218 singulare
964 3150 1088 3204 habitum
1107 3151 1144 3205 sit
1161 3150 1289 3207 videmus

136 3264 196 3301 cum
220 3245 297 3313 indo,
325 3244 398 3312 quod
422 3247 564 3298 Athenaeo
591 3244 695 3298 diserta
715 3245 970 3298 commemoratione
995 3243 1106 3312 dignum
1132 3243 1221 3298 visum
1245 3252 1291 3300 est

134 3336 182 3406 (Vl
201 3334 295 3404 241f.)
319 3339 377 3388 tum
401 3351 435 3388 cx
460 3335 656 3403 epigrammate
681 3335 826 3402 sepulchro
854 3334 912 3387 eius
936 3334 1069 3402 inscripto
1099 3334 1210 3404 (Athen.
1229 3335 1248 3389 l.
1270 3336 1291 3390 l.

133 3430 216 3483 Anth.
237 3429 294 3503 Pal.
315 3427 367 3481 Vll
387 3430 457 3498 708).
497 3428 549 3494 Qui
568 3433 658 3480 autom
683 3426 788 3480 facturn
813 3427 864 3493 sit,
893 3433 924 3480 ut
948 3426 1027 3480 modo
1046 3427 1176 3493 AtheniS,
1204 3427 1288 3482 modo

134 3523 201 3576 alibi
230 3538 288 3575 rem
319 3520 431 3575 fabulae
455 3520 572 3574 tractari
595 3519 759 3587 fingeretur,
788 3520 840 3572 viri
871 3519 945 3573 docti
976 3524 1090 3587 excepto
1114 3518 1291 3575 Dziatzkone

135 3630 267 3682 quaerere
287 3614 374 3668 adhuc
394 3616 476 3684 plane
496 3612 718 3682 supersederunt.
748 3617 839 3680 Atque
859 3612 892 3666 de
903 3613 1104 3692 Amphitruone
1123 3616 1151 3666 et
1162 3611 1289 3681 Captivis

132 3723 177 3762 res
197 3705 345 3760 manifesta
369 3712 412 3760 est
436 3722 487 3760 nco
513 3705 634 3759 dubitari
658 3711 750 3772 potost
776 3704 809 3758 de
833 3705 923 3758 Milite
949 3700 1089 3771 Glorioso,
1117 3701 1190 3772 quod
1219 3721 1288 3759 vero

133 3797 267 3852 Rudentis
296 3813 396 3851 scaena
428 3796 540 3865 Cyrenis
571 3801 628 3862 est,
655 3796 895 3848 Menaechmorum
924 3795 1084 3862 Epidamni,
1112 3794 1287 3849 Curculionis

131 3890 274 3960 Epidauri,
294 3889 409 3945 Poenuli
428 3888 566 3959 Calydone
587 3919 618 3926 -
640 3886 673 3940 de
702 3886 799 3940 Naevii
824 3887 977 3940 Tarentilla
1003 3902 1101 3955 parurn
1126 3885 1218 3941 edocti
1242 3903 1290 3940 sn·

132 3998 191 4035 mus
211 3980 293 4034 -id
318 3996 378 4033 mea
399 3978 508 4047 quidem
527 3977 664 4032 sententia
690 3992 771 4029 unam
797 3977 880 4030 hahet
900 3976 1125 4045 explicationem:
1151 3975 1292 4030 cavebant

132 4078 245 4141 poetae,
272 4088 306 4126 ne
336 4072 415 4140 pueri
439 4072 482 4125 rel
510 4070 619 4139 puellae
648 4086 664 4123 a
690 4068 874 4138 praedonibus
901 4069 976 4137 rapti
995 4069 1117 4122 Athenas
1142 4067 1171 4121 in
1190 4069 1291 4124 urbem

131 4163 311 4235 εὐνομωτάτην
331 4166 518 4230 portarentur,
539 4159 602 4214 inde
622 4176 668 4213 eos
682 4158 788 4214 auferri
807 4165 834 4213 et
853 4165 951 4226 postea
965 4158 1077 4227 agnosci
1095 4156 1178 4213 facile
1198 4153 1290 4226 petie·

67 4287 69 4294 ·
130 4257 238 4311 bantur.
268 4256 309 4309 De
321 4253 478 4309 Cistellaria
495 4253 561 4322 quid
575 4269 708 4321 censeam,
728 4255 843 4308 haereo:
864 4269 899 4307 an
914 4252 996 4307 docta
1015 4256 1065 4320 est,
1085 4250 1149 4305 dum
1158 4252 1289 4306 Athenae

130 4349 335 4418 obsidebantur,
355 4354 386 4403 ut
404 4347 557 4402 Menander
577 4348 636 4403 eius
656 4353 846 4418 argumentum
865 4347 921 4402 alia
940 4347 969 4401 in
987 4346 1056 4402 urbe
1074 4345 1120 4414 agi
1139 4345 1289 4402 maluerit?
