2836 4838
692 279 731 343 11

146 455 226 518 duxi
242 459 244 466 ⁴
258 473 449 537 quemquam
479 454 578 516 veluti
605 453 639 514 in
672 451 813 516 Siciliam
846 458 994 536 quaestus
1026 471 1121 515 causa
1153 449 1292 533 proficis·

146 567 271 627 centem
293 562 457 625 inductum
482 581 559 634 esse,
582 561 658 624 dum
681 566 746 625 tota
768 562 873 625 insula
895 562 986 625 bellis
1010 561 1201 641 vexabatur,
1232 576 1291 622 nee

147 668 290 731 Athenas
312 669 388 729 navi
410 667 612 748 redeuntem,
643 667 717 729 dum
741 667 855 731 classes
878 667 1007 730 hostiles
1031 665 1171 748 portibus
1201 662 1290 727 urbis

146 776 363 839 imminebant
423 774 644 838 Confirmatam
683 776 750 837 vidi
784 775 864 838 hauc
900 774 1087 838 seutentiam
1124 772 1291 836 Menandri

150 885 301 967 Adelphis
323 886 428 967 priore
450 905 476 947 a.
501 884 563 947 306
587 888 664 963 acta,
694 883 748 946 ubi
772 903 844 946 cum
868 884 946 946 alios
969 902 1083 975 annos,
1113 882 1152 945 de
1176 881 1292 964 quibus

147 999 180 1057 et
202 994 318 1076 legatio
341 992 615 1056 Ambraciotarum
648 997 679 1055 et
708 994 793 1075 regis
816 990 969 1055 Demetrii
1004 993 1122 1055 mentio
1151 991 1291 1074 cogitare

145 1104 265 1184 sinunt,
287 1109 414 1185 propter
434 1121 485 1164 res
507 1103 540 1163 iu
565 1102 640 1164 Asia
661 1107 766 1185 gestas
789 1106 884 1184 atque
907 1102 1172 1184 oppugnationem
1198 1098 1291 1162 Athe·

144 1233 260 1276 narum
282 1210 524 1294 improbassem,
554 1211 779 1293 gravissimum
802 1216 896 1293 atque
920 1211 1130 1273 certissimum
1160 1210 1292 1273 accessit

144 1322 361 1387 testimouium
391 1319 504 1383 allusio
534 1320 574 1382 ad
596 1319 751 1384 Demetrii
781 1322 811 1383 in
846 1321 955 1384 urbem
979 1321 1143 1383 introitum
1173 1339 1200 1382 a.
1225 1319 1287 1381 307

145 1431 273 1495 factum.
325 1430 451 1494 Ceteras
482 1431 660 1493 comoedias
692 1431 801 1493 saltem
835 1450 897 1492 non
932 1429 1115 1493 dissuadere
1145 1429 1290 1512 cognovi,

145 1542 208 1604 nisi
231 1542 310 1603 forte
333 1539 564 1620 Menaechmos,
596 1540 651 1602 sed
673 1540 718 1602 ibi
742 1540 846 1621 potius
868 1540 1017 1602 historiae
1040 1537 1210 1620 Epidamni
1233 1556 1288 1600 no-

145 1651 217 1713 titia
240 1649 395 1732 explenda
418 1650 478 1712 luit
500 1668 538 1711 ex
561 1648 668 1711 fabula
690 1650 772 1731 ipsa,
802 1649 838 1710 cf.
862 1648 951 1710 infra.
996 1647 1088 1710 Hanc
1119 1647 1219 1730 igitur
1240 1667 1289 1709 ra·
1352 1661 1355 1664 ’

143 1761 265 1823 tionem
287 1763 414 1821 secutus
436 1778 521 1838 sum,
551 1759 576 1820 si
612 1759 695 1821 iusto
725 1757 890 1839 audacius,
924 1762 1050 1840 gratum
1082 1775 1132 1820 me
1154 1755 1289 1839 habebit,

145 1868 201 1950 qui
226 1866 430 1948 redarguerit

231 1976 298 2039 Iam
323 1994 360 2038 eo
383 1975 502 2056 ordine,
524 1975 551 2037 si
575 1974 704 2056 quidem
726 1974 866 2037 ordinem
892 1974 994 2055 dicas,
1024 1975 1062 2037 de
1085 1974 1222 2056 singulis
1243 1974 1289 2037 fa·

143 2085 228 2150 bulis
251 2083 491 2166 disputabimus
515 2088 550 2146 ut
570 2084 674 2165 priore
697 2083 764 2145 loco
789 2102 842 2146 eas
858 2089 1035 2157 tractemus,
1058 2083 1175 2166 quibus
1197 2083 1288 2145 miles

141 2194 242 2277 aliqui
258 2194 416 2277 gloriosus
432 2194 618 2273 continetur,
641 2192 789 2276 deinceps
806 2199 922 2276 quanto
939 2195 1094 2276 cuiusque
1109 2192 1148 2256 ad
1164 2197 1288 2274 tempus

141 2296 363 2368 deliniendum
384 2302 454 2384 plus
476 2301 559 2365 effici
581 2320 671 2384 posse
694 2302 845 2365 videatur.
890 2303 1017 2384 Agmen
1042 2302 1136 2365 ducat

141 2475 457 2560 Pseudolus.

228 2634 321 2698 Miles
343 2633 565 2714 macedonius,
595 2631 730 2713 Sicyone
759 2634 814 2716 qui
848 2632 986 2713 habitat,
1020 2631 1161 2695 caculam
1192 2651 1286 2694 suum

140 2745 325 2830 praestituta
348 2744 399 2806 die
413 2743 553 2805 Athenas
568 2742 672 2821 mittit,
696 2743 750 2825 qui
766 2742 962 2806 meretricem
979 2762 997 2804 a
1012 2742 1125 2804 lenone
1141 2740 1286 2804 Balhone

140 2860 278 2939 emptam
303 2854 444 2936 quinque
467 2853 579 2932 miniS,
609 2871 690 2934 quae
713 2857 846 2932 restant,
869 2851 979 2914 solutis
1003 2851 1147 2913 abducat.
1193 2849 1286 2914 Unde

139 2963 304 3028 Usenerus
328 2960 445 3042 (Symb.
469 2960 544 3044 phil.
568 2960 669 3023 Bonn.
693 2981 720 3043 p.
746 2961 819 3040 593)
843 2961 997 3023 conclusit
1026 2961 1159 3023 militem
1188 2961 1286 3025 luisse

139 3072 294 3136 Demetrii
316 3071 520 3149 Poliorcetae,
542 3069 680 3132 fabulam
703 3075 805 3132 actam
839 3087 907 3132 esse
931 3074 1000 3151 post
1023 3068 1190 3149 Sicyonem
1213 3090 1284 3153 cap·

137 3188 213 3263 tam,
234 3182 254 3243 i.
277 3200 302 3244 e.
325 3201 369 3244 ca.
392 3201 418 3243 a.
444 3181 515 3242 302.
560 3178 646 3242 Huic
676 3180 818 3262 opinioni
849 3179 1010 3261 complura
1041 3178 1163 3242 obstare
1187 3178 1285 3243 Wila·

137 3290 314 3354 mowitzius
336 3289 528 3372 (Antigonos
551 3308 613 3351 von
636 3288 788 3368 Karystos
812 3309 838 3373 p.
865 3289 941 3368 140)
969 3288 1195 3352 demonstravit
1216 3288 1284 3371 ipse

135 3398 287 3463 Pseudoli
309 3397 490 3479 exemplum
515 3416 597 3459 anno
622 3398 683 3459 309
708 3396 757 3459 vel
783 3398 844 3459 308
868 3397 1035 3460 ascribens.
1075 3396 1284 3461 Consideran-

136 3508 213 3571 dum
236 3507 336 3589 igitur
359 3510 421 3586 est,
450 3525 526 3568 num
552 3505 673 3585 omnia,
706 3524 787 3587 quae
815 3506 934 3587 attulit,
967 3508 1040 3569 huic
1061 3507 1187 3570 fabulae
1210 3527 1283 3570 con-

135 3618 274 3681 veniant.
330 3615 426 3678 Recte
468 3616 577 3697 procul
617 3614 713 3677 dubio
749 3616 910 3678 contendit
952 3635 978 3678 r.
1004 3617 1065 3678 532
1097 3616 1283 3699 Agathoclis

135 3727 285 3791 virtutem
307 3726 431 3789 laudari
454 3745 515 3788 non
540 3725 687 3808 potuisse,
710 3726 736 3787 si
761 3726 788 3788 is
803 3726 912 3807 paucis
936 3730 1007 3789 aute
1031 3727 1123 3790 aunis
1144 3747 1179 3792 re
1202 3728 1283 3792 male

133 3838 224 3916 gesta
247 3850 287 3894 ex
313 3831 416 3893 Africa
440 3831 472 3892 iu
492 3828 634 3893 Siciliam
657 3831 799 3910 redisset,
823 3830 1003 3894 Demetrius
1027 3838 1141 3907 autem,
1167 3833 1282 3915 quippe

133 3942 190 4025 qui
213 3942 246 4002 in
271 3939 427 4004 conviviis
452 3940 585 4002 Athenis
604 3939 719 4002 habitis
731 3940 949 4003 Ptolemaeum
967 3942 1169 4022 nauarchum,
1192 3939 1282 4021 Lysi·

131 4050 281 4114 machum
304 4049 524 4133 gazophylaca,
557 4047 725 4112 Seleucum
748 4050 1041 4133 elephanterchum,
1072 4049 1283 4133 Agathoclem

131 4159 334 4223 nesiarchum
359 4176 470 4221 vocare
493 4157 607 4220 soleret
631 4158 755 4235 (Athen.
775 4157 821 4219 VI
837 4158 896 4220 261
913 4158 941 4236 b,
965 4158 1046 4222 Plut.
1063 4157 1201 4222 Demetr.
1220 4161 1282 4242 25),

129 4274 200 4334 tum
230 4269 264 4330 in
289 4266 421 4330 Graecia
452 4271 593 4329 uersatus
622 4271 706 4330 esset
740 4265 778 4328 ab
802 4267 949 4330 omnibus
972 4267 1171 4349 civitatibus,
1204 4288 1283 4352 quaa

128 4376 225 4441 modo
248 4374 444 4453 liberaverat,
467 4375 600 4437 summis
623 4375 771 4438 laudibus
796 4376 914 4457 elatus;
949 4381 1033 4440 recte
1057 4377 1151 4441 etiam
1175 4377 1283 4441 docuit
