2836 4838
605 255 733 319 249.

134 427 388 512 Cistellariam*)'
404 427 497 494 ‘solas
541 431 634 493 antea
675 433 760 493 actas
803 445 872 491 esse
907 431 1102 511 compertum
1128 427 1289 492 habemns.

134 536 262 603 Deinde
294 537 610 604 animadvertendum
638 542 686 602 est
708 535 842 601 Militem
877 555 972 601 unam
1003 537 1086 601 inter
1108 555 1168 608 eas
1184 536 1289 601 Plauti

136 645 271 729 fabulas,
294 667 375 732 quae
398 651 532 712 aetatem
555 648 707 729 tulerunt,
729 630 838 728 lyricis
853 644 988 726 rythmis
1011 663 1126 728 carere,
1148 646 1182 709 id
1206 646 1291 730 qnod

136 756 200 819 soli
222 756 411 820 histrionum
437 757 651 820 retractationi
677 748 729 819 yel
744 754 850 819 Plauti
871 754 998 818 libidini
1010 754 1135 819 cuidam
1153 754 1291 820 tribuere

139 865 339 950 desperantis
361 870 429 946 est3'
449 867 550 949 primo
573 871 682 950 poetae
704 866 837 949 tempori
860 865 957 928 etiam
973 864 1155 928 Asinariam
1177 865 1291 949 tribuo,

139 993 224 1058 quae
257 994 356 1039 unum
394 975 554 1038 canticum
593 976 748 1054 continet3
787 973 992 1038 confirmatur
1026 975 1182 1038 sententia
1220 993 1292 1039 mea

138 1084 272 1168 prologo
295 1085 391 1148 huius
407 1082 540 1168 fabulae,
564 1085 648 1149 unde
663 1084 812 1149 Plautum
829 1085 924 1148 etiam
941 1088 1008 1148 tum
1026 1102 1169 1147 maccum
1185 1083 1291 1148 vocari

137 1193 271 1258 solitum
293 1213 361 1257 osse
384 1194 616 1274 edocemur**).
672 1192 872 1277 Quamquam
913 1198 1018 1257 antem
1053 1193 1289 1256 concedendum

139 1304 191 1364 est
211 1299 419 1366 Mercatorem
448 1320 575 1386 quoque
606 1306 675 1385 post
704 1322 730 1365 a.
756 1301 817 1365 196
853 1301 976 1365 doctam
1001 1297 1049 1380 (cf.
1077 1299 1288 1385 Ladewigius,

140 1409 296 1500 Zeitsohr.¹
316 1411 336 1475 f.
359 1410 421 1474 All.
448 1412 528 1475 1841
553 1432 582 1496 p.
607 1412 701 1491 1085)
726 1415 757 1474 et
774 1409 996 1474 Curculionem
1019 1415 1139 1475 tantum
1164 1411 1292 1494 singula

140 1519 267 1582 cantica
296 1518 442 1602 quamvis
479 1519 583 1604 ampla
614 1519 744 1602 habere,
789 1520 950 1604 complura
982 1519 1187 1583 Cistellarianr
1218 1525 1291 1586 ante

139 1625 239 1690 finem
272 1627 402 1691 alterius
432 1626 507 1692 belli
529 1626 644 1692 Punici
675 1628 850 1711 conditam,
883 1633 988 1692 tamen
1019 1623 1291 1694 considerantibus

142 1733 238 1800 nobis
260 1733 475 1800 Menaechmis
506 1755 616 1801 versus
648 1742 679 1801 et
708 1737 840 1801 creticos
871 1741 902 1801 et
925 1737 1076 1801 baccheos
1098 1739 1214 1802 multos
1236 1737 1291 1802 ad-

141 1844 261 1908 hibitos
283 1863 352 1909 esse
375 1844 506 1910 dubium
531 1865 599 1910 esse
623 1846 678 1909 vix
700 1851 810 1929 potest,
833 1845 910 1929 quin
934 1850 1006 1910 ante
1029 1847 1139 1910 aare
1162 1846 1291 1911 omnino

142 1954 369 2037 non‘potucrit
391 1954 505 2019 doceri.

233 2060 296 2127 Sed
310 2063 478 2127 redeamus
493 2063 533 2128 ad
549 2083 592 2127 vs.
609 2063 673 2128 408
685 2084 752 2148 sqq.
791 2062 957 2145 Syracusis
973 2063 1088 2128 dicitnr
1101 2056 1293 2148 Agathocles

144 2175 298 2255 regnator
318 2172 426 2255 fuisse,
448 2172 564 2237 iterum
586 2168 740 2256 Phintias,
769 2173 895 2237 tertium
918 2171 1048 2257 Liparo,
1080 2174 1133 2257 qui
1157 2192 1292 2258 regnum
1339 2167 1343 2176 '

142 2279 284 2343 moriens
299 2277 434 2343 Hieroni
455 2279 627 2344 tradiderit
672 2279 794 2345 Versus
816 2279 964 2344 aPlauto
986 2281 1055 2364 ipso
1078 2281 1201 2345 additos
1224 2301 1293 2346 esse

144 2388 199 2458 vel
220 2387 295 2453 inde
318 2388 409 2473 sequi
432 2389 648 2453 existimatum
672 2395 727 2472 est,
750 2389 834 2472 quod
857 2407 916 2453 nec
932 2388 1077 2453 Phintias
1100 2408 1158 2454 nec
1179 2388 1292 2474 Liparo

111 2546 116 2552 .
146 2515 289 2580 unquam
301 2495 572 2579 Syracusanorum
588 2517 680 2583 reges
694 2499 821 2580 fuerInt,
844 2517 953 2561 verum
976 2497 1050 2561 ficta
1071 2499 1200 2562 nomina
1222 2499 1293 2562 sint

130 2603 196 2671 ·I)e
228 2605 344 2689 quibus
376 2606 524 2691 deinceps
553 2607 778 2691 disputandum
801 2612 856 2671 est.
899 2606 981 2670 Nam
1003 2612 1076 2671 ante
1098 2606 1155 2671 hos
1178 2627 1294 2693 paucos

144 2732 247 2778 annos
269 2714 308 2777 A.
326 2713 481 2778 Gerckius
503 2715 536 2778 in
566 2733 645 2778 mus.
659 2714 759 2779 Rhea.
782 2715 842 2779 vol.
864 2713 956 2779 XLII
978 2735 1006 2798 p.
1030 2715 1092 2778 267
1116 2735 1183 2800 sqq.
1205 2735 1295 2801 prae·

145 2821 297 2887 euntibus
326 2821 397 2886 aliis
426 2841 461 2886 re
495 2841 570 2886 vcra
608 2841 661 2887 eos
699 2823 857 2887 exstitisse
894 2842 931 2887 eo
967 2822 1129 2906 probabile
1162 2824 1294 2890 reddere

145 2937 279 2996 conatus
294 2936 350 3014 est,
374 2932 458 3016 quod
470 2931 569 2996 Hiero
582 2932 708 2997 demum
726 2953 752 2998 a.
767 2935 830 2997 270
844 2931 1113 3014 Syracusanorum
1124 2934 1293 3018 imperium

144 3045 282 3105 nanctus
304 3041 352 3104 sit.
397 3039 457 3104 (lui
479 3060 520 3105 ne
542 3043 696 3106 assentiar
717 3042 750 3106 id
773 3061 824 3106 me
847 3041 1007 3126 prohibet,
1039 3042 1124 3126 quod
1146 3042 1293 3107 omnibus
1328 3053 1338 3071 ‘

134 3155 292 3214 ueterum
313 3150 533 3215 historicorum
558 3152 746 3216 testimonhs
767 3157 822 3216 aut
845 3153 1027 3235 postpositis
1049 3157 1105 3215 aut
1126 3150 1294 3218 artificiosa

143 3259 404 3343 interpretatione
426 3261 555 3324 remotis
578 3261 644 3324 sola
658 3280 764 3325 rerum
786 3265 853 3325 tum
873 3265 1034 3344 gestarum
1060 3296 1096 3306 -
1123 3261 1161 3324 de
1178 3260 1294 3344 quibus

144 3385 263 3451 nempe
292 3366 392 3431 multa
421 3369 542 3432 incerta
564 3374 701 3432 sunt-
723 3369 807 3433 inter
828 3389 862 3432 se
884 3369 1006 3433 ratione
1028 3370 1117 3433 nisus
1140 3375 1205 3449 est3
1235 3388 1295 3433 noo

144 3477 251 3560 magis
282 3477 362 3540 mihi
392 3478 579 3541 sententiam
609 3497 698 3541 suam
728 3476 872 3561 probavit
901 3478 957 3561 qui
988 3478 1159 3541 novissime
1182 3477 1221 3540 de
1243 3478 1293 3540 his

142 3586 342 3670 temporibus
358 3588 425 3671 egit
440 3587 610 3651 Belochins
627 3588 670 3667 (in
687 3584 823 3651 Hermae
840 3587 901 3649 vol.
917 3585 1062 3650 XXVIII
1078 3607 1106 3670 p.
1123 3587 1185 3649 481
1205 3588 1292 3670 sqq).

142 3690 321 3756 Hieronem
351 3712 378 3755 a.
411 3693 474 3756 275
515 3693 684 3777 imperium
718 3690 944 3773 Syracusarum
987 3691 1162 3756 obtinuisse
1203 3692 1294 3756 dccet

142 3799 301 3881 Polybius
322 3799 338 3863 Ι
361 3802 391 3884 8,
407 3803 442 3883 3,
471 3802 562 3865 cuius
586 3801 681 3866 verba
704 3802 795 3885 plane
821 3803 987 3886 perspicua
1008 3801 1180 3866 Belochins
1202 3801 1293 3865 aliter

140 3909 368 3993 interpretatus
398 3909 641 3994 explicationem
672 3930 761 3974 suam
793 3913 909 3994 quanto
933 3910 1062 3994 protulit
1084 3907 1293 3973 confidentius

235 4094 260 4164 *)
280 4094 321 4150 ef.
341 4113 364 4151 v.
385 4100 438 4150 200
456 4096 502 4151 Us.
539 4098 687 4166 Prologum
719 4098 753 4152 ab
784 4098 894 4152 Auxilio
921 4103 1080 4152 enarratum
1108 4097 1165 4150 noli
1194 4094 1293 4150 Plauto

138 4187 312 4249 abiudicata

128 4342 135 4363 ι
234 4280 276 4354 **)
295 4283 430 4348 Defflrooe
447 4300 557 4342 maccam
584 4283 619 4341 of.
638 4285 823 4342 Buechelerns
857 4284 887 4339 in
913 4300 981 4340 mus.
1008 4286 1096 4340 Rhcn.
1115 4285 1181 4340 XLI
1198 4301 1224 4354 p.
1248 4289 1288 4341 12.

138 4373 296 4447 Prologum
307 4377 466 4436 PlautInum
478 4394 541 4435 ease
551 4378 749 4436 demonstravit
762 4380 819 4434 Leo
832 4380 866 4444 in
878 4377 1056 4457 adnotatione
1074 4378 1202 4440 editionis
1222 4392 1288 4439 suae
