2836 4838
683 255 724 320 20

139 433 365 517 pugnationem
388 452 414 495 a.
437 431 499 494 303
523 430 638 494 factam
662 431 694 493 in
717 431 776 495 hac
801 431 908 494 tabula
930 408 1170 515 significaverit,
1194 433 1290 516 scrip

139 543 218 606 sisse
242 562 312 606 eam
336 561 398 605 uno
423 559 462 604 ex
487 540 631 624 proxime
654 540 861 624 sequentibus
883 541 983 603 annis.

224 650 283 713 His
306 650 459 734 expositis
481 650 605 732 reliqua
635 669 876 732 percenseamus
899 650 1104 728 documenta,
1138 670 1224 733 quae
1254 669 1290 715 ea

136 761 352 842 continentur,
382 779 418 822 ac
442 759 622 839 videamus,
654 779 728 822 num
753 760 943 822 conveniant
964 759 1036 821 illis.
1081 757 1171 821 Nihil
1197 760 1289 842 valet,

137 868 221 951 qnod
251 888 294 931 vs.
318 870 381 931 438
405 888 473 951 sqq.
505 866 653 931 Curculio
684 869 779 931 iactat
810 886 878 931 sese
910 887 982 930 cum
1010 866 1289 952 Therapontigono

136 973 386 1057 nudiusquartus
424 992 464 1037 ex
496 973 588 1035 India
625 973 657 1034 in
691 971 814 1035 Cariam
855 972 996 1052 venisse,
1029 972 1180 1054 quoniam
1213 973 1289 1036 talia

137 1083 357 1165 unusquisque
389 1081 480 1145 miles
520 1080 677 1163 gloriosus
716 1081 777 1144 sibi
809 1079 941 1163 affingit.
995 1079 1081 1143 Idem
1115 1082 1289 1164 trapezitae

135 1195 241 1253 narrat
264 1210 307 1254 vs.
331 1191 395 1252 442
419 1209 486 1273 sqq.
510 1189 601 1252 illurn

482 1296 609 1370 Persas,
635 1297 872 1378 Paphlagonas,

308 1407 453 1485 Sinopes,
478 1406 612 1482 Arabae,
639 1407 750 1484 (terras,
775 1406 938 1486 Cretaeos,
963 1406 1068 1489 Syros,

309 1513 466 1576 Rhodiam
489 1519 583 1594 atqae
605 1514 745 1594 Lycidan,
770 1514 937 1577 Perediam
960 1521 989 1576 et
1013 1514 1238 1596 Perbibesiam,

311 1621 622 1686 Centauromachiam
646 1629 674 1685 et
699 1623 855 1687 Classiam
885 1622 1143 1703 Unommmuiam‚
1208 1622 1211 1626 ’

305 1731 498 1814 Libyamque
521 1731 585 1817 (et)
607 1753 696 1796 oram
718 1753 836 1794 ommm
861 1730 1203 1814 (leitterclmomalom*)
1249 1733 1253 1741 ’

133 1842 216 1905 iutra
240 1842 354 1924 viginti
379 1841 446 1905 dies
469 1842 643 1927 subegisse.
687 1842 829 1905 Priorem
853 1844 962 1905 horum
989 1862 1136 1906 versuum
1161 1849 1285 1926 partem

135 1968 235 2034 usqne
266 1949 305 2013 ad
336 1948 493 2012 Rbodiam
525 1957 617 2031 atqao
645 1950 777 2034 Lyciam
808 1971 869 2014 non
901 1952 1004 2015 selum
1034 1970 1074 2015 ex
1107 1954 1286 2036 exemplari

134 2077 316 2143 expressam
343 2094 376 2103 —
404 2059 437 2121 id
461 2060 544 2142 quod
569 2079 661 2123 nemo
685 2061 796 2144 opinor
817 2060 949 2143 negabit
973 2100 1021 2141 ——,
1051 2080 1161 2124 verum
1186 2064 1285 2126 etiam

134 2167 171 2229 ad
196 2171 351 2229 certorum
374 2166 527 2230 tactorum
561 2169 745 2231 memoriam
777 2168 909 2250 positam
941 2187 1008 2231 esse
1037 2167 1115 2231 illud
1140 2168 1284 2246 Sinopes

133 2273 208 2335 satis
231 2291 388 2356 superque
413 2272 611 2336 demonstrat.
660 2275 705 2335 An
731 2275 898 2356 quisquam
930 2274 1036 2337 credet
1062 2280 1186 2357 poetam
1211 2278 1284 2340 atti-

48 2448 49 2451 ,
134 2401 205 2446 eum
231 2381 412 2446 nationibus
435 2387 556 2446 tantum
585 2402 647 2446 non
672 2382 819 2446 omnibns
844 2381 999 2464 barbaris,
1032 2403 1110 2465 quas
1137 2403 1156 2446 a
1179 2383 1305 2447 milite.

133 2490 304 2555 debellatas
328 2510 396 2554 esse
420 2492 510 2573 dixit,
533 2493 653 2555 incolas
677 2492 764 2555 urbis
788 2493 920 2573 eiusque
943 2510 1075 2574 graecae
1097 2491 1283 2556 additurum

131 2599 243 2681 fuisse,
275 2599 336 2662 uisi
360 2599 389 2662 ei
413 2618 446 2663 re
470 2620 543 2664 vera
568 2621 629 2664 non
653 2603 698 2664 ita
720 2602 818 2663 multe
841 2605 913 2663 ante
936 2605 1034 2662 actam
1058 2599 1197 2663 fabulam
1220 2602 1283 2663 ini-

133 2728 195 2791 quo
227 2707 327 2771 Marte
358 2710 576 2791 pugnassent?
630 2709 804 2772 Videamus
836 2709 953 2791 igitur,
983 2727 1045 2791 quo
1079 2706 1282 2772 Curculionis

133 2815 229 2878 verba
250 2821 399 2898 spectent.

219 2923 324 3006 Atque
348 2925 374 2987 si
399 2923 489 2988 miles
508 2924 627 2987 Persas
644 2926 808 3008 subegisse
824 2926 947 2999 dicitur,
970 2944 1030 2987 non
1051 2923 1125 2988 licet
1138 2926 1282 3009 cogitare

131 3029 170 3092 de
193 3048 293 3112 regno
317 3028 483 3093 Persarum
506 3030 545 3092 ab
570 3030 754 3094 Alexandro
778 3030 895 3112 Magno
919 3035 1110 3113 expugnato,
1132 3049 1206 3092 nam
1231 3032 1281 3093 in-

131 3143 201 3221 epte
226 3142 316 3220 poeta
332 3143 450 3200 ceteras
466 3143 572 3220 terras,
596 3159 677 3222 quae
700 3141 795 3203 buius
814 3141 905 3223 regni
923 3144 1024 3222 partes
1048 3144 1145 3218 erant,
1167 3140 1281 3202 adiun-

133 3246 247 3308 xisset:
274 3244 356 3307 dixit
377 3246 496 3309 incolas
514 3246 654 3310 Persidis
677 3248 867 3330 provinciae.
907 3247 999 3310 Unde
1022 3251 1105 3310 reete
1121 3245 1283 3312 Soltavius

133 3353 341 3433 (Curculionis
358 3353 523 3419 Plautinae
546 3361 650 3419 actum
674 3356 722 3419 ΙΙΙ
744 3358 965 3439 interpretatus
989 3361 1035 3418 est
1058 3355 1094 3418 G.
1112 3355 1150 3426 8,,
1173 3376 1280 3440 progr.

132 3462 251 3526 Zaberu
279 3464 361 3525 1882
387 3484 413 3547 p.
439 3464 488 3543 12)
513 3464 668 3528 conclusit
691 3466 846 3547 Antigoni
876 3471 907 3528 et
928 3463 1052 3528 Seleuci
1083 3469 1190 3526 contm
1215 3463 1281 3529 Eu-

133 3591 257 3635 menem
281 3573 516 3655 expeditionem
541 3577 578 3652 (a.
604 3574 679 3654 316)
702 3573 912 3657 significatam
937 3591 1021 3652 essm
1053 3591 1126 3635 nam
1158 3574 1216 3635 etsi
1241 3574 1283 3637 de

132 3681 230 3744 altera
245 3700 371 3764 quoque
384 3680 524 3746 Persidis
541 3685 745 3766 occupatione
768 3683 826 3746 sub
851 3685 911 3747 hoc
932 3688 1055 3764 tempus
1072 3680 1153 3745 tacta
1176 3682 1282 3746 edocti

132 3810 251 3870 sumus,
274 3808 341 3852 eam
367 3789 454 3870 dico,
487 3812 549 3874 qua
573 3789 725 3855 Seleucus
749 3812 774 3855 a.
799 3794 861 3854 312
885 3792 1065 3855 interiorem
1094 3791 1198 3853 Asiam
1222 3790 1282 3854 Ni-

132 3899 240 3962 canori
270 3897 403 3980 eripuit,
436 3902 539 3960 tamen
562 3898 890 3983 Therapontigonum,
920 3919 992 3963 cum
1015 3896 1169 3962 Demetrii
1201 3898 1282 3962 latro

131 4005 287 4089 fingatur,
322 4007 398 4088 quid
422 4006 598 4089 simplicius
620 4013 795 4072 statuemus
819 4029 911 4092 quarn
936 4009 1120 4072 etiamtum
1153 4007 1185 4068 in
1211 4007 1282 4071 eius

221 4257 246 4323 *t
266 4258 306 4312 Et
324 4258 428 4314 inserui
447 4276 507 4313 cum
527 4261 643 4330 Bethio;
668 4263 846 4317 conterebrare
870 4263 946 4316 ariam
964 4262 1004 4328 E,
1030 4261 1213 4316 contenebrom
1233 4263 1282 4329 lm

130 4353 208 4408 aiam
227 4353 269 4408 Bt.
