2836 4838
766 230 807 296 50

214 423 278 468 non
300 408 386 469 tanto
409 404 574 469 certiorem
603 405 756 489 reddidit,
787 406 878 470 docet
898 404 1070 489 Pompeius
1091 404 1216 491 Trogus
1240 407 1362 492 (lustin.

215 516 267 598 23,
281 511 333 598 4),
365 513 456 578 docnt
476 512 654 579 Pausaniae
683 515 772 579 locus
802 514 860 598 (VI
884 515 934 598 12,
950 514 980 596 2)
1010 515 1049 579 ab
1081 515 1258 583 editoribus
1282 523 1363 584 recte

215 624 392 709 suppletus,
432 642 527 708 quem
567 624 683 689 nollem
722 624 877 690 Gerckius
913 625 960 688 sic
1000 624 1224 708 interpretatus
1265 633 1363 693 esset:

216 732 312 818 „Aisa
341 752 428 796 arrasa
457 733 580 796 Hieron
611 732 723 798 bereits
752 733 869 798 ειίιιιιαλ
900 733 957 797 orit
988 736 1033 797 32
1062 733 1187 799 Jerbraa
1218 734 1365 802 Archoat

211 861 350 926 yawesea
372 841 475 923 acia“;
509 862 581 906 nam
612 843 744 926 imperio
768 862 841 908 eum
865 862 1005 926 unquam
1028 843 1187 926 privatum
1212 864 1285 910 esse
1310 865 1365 910 nec

213 952 364 1017 traditum
380 956 427 1016 est
441 970 500 1016 nec
514 952 601 1016 credi
617 957 726 1036 potest,
749 953 826 1037 quin
844 953 937 1016 etiam
949 952 1024 1016 inde
1041 971 1060 1016 a
1074 953 1185 1036 primis
1196 954 1365 1037 magistra·
1390 1012 1392 1016 ,

215 1066 266 1125 tus
295 1061 488 1144 temporibus
512 1062 632 1124 maiora
666 1080 739 1126 eum
762 1062 950 1147 appetivisse
973 1061 1122 1144 aequales
1145 1067 1366 1146 cognoverunt

215 1168 349 1252 Polybio
372 1175 450 1235 teste
474 1169 509 1252 (I,
519 1171 548 1252 8,
562 1172 608 1250 5);
637 1170 720 1254 quod
745 1189 818 1234 vero
841 1170 1011 1235 Belochins
1034 1171 1073 1235 de
1094 1169 1276 1235 Pausaniae
1300 1171 1366 1235 loco

214 1275 362 1359 protulit,
404 1294 465 1337 non
498 1280 545 1339 est
576 1274 638 1339 nisi
670 1294 756 1339 mera
785 1275 982 1358 coniectura,
1011 1276 1188 1339 accuratius
1219 1294 1297 1339 eum
1319 1277 1366 1339 in·

215 1382 360 1466 spicienti
390 1382 489 1446 multo
516 1382 675 1446 videbitur
705 1381 899 1466 probabilius
929 1384 1123 1467 periegetam
1153 1386 1211 1474 aut
1231 1383 1365 1448 chrono

216 1491 335 1575 grapho
358 1491 465 1573 aliquo
489 1493 544 1554 aut
565 1509 602 1554 eo
625 1491 773 1555 historico
798 1510 888 1555 nsum
909 1509 986 1574 esse,
1010 1492 1065 1574 qni
1088 1491 1128 1561 ad
1140 1490 1363 1575 Olympiorum

214 1599 367 1662 rationem
399 1598 562 1662 historiam
594 1598 769 1682 scripserit,
804 1600 934 1664 fortasse
965 1598 1104 1663 Timaeo.
1154 1599 1249 1663 Adde
1281 1599 1365 1684 quod

214 1702 352 1767 Zonaras
386 1702 465 1766 Vlll
500 1703 518 1765 6
557 1704 649 1788 plane
687 1704 843 1768 consentit
875 1722 947 1767 curn
982 1703 1103 1769 Iustino
1145 1709 1177 1769 et
1209 1702 1365 1787 Polybius

213 1811 311 1875 altero
327 1813 395 1876 loco
412 1811 486 1893 (Vll
498 1814 565 1894 8,4)
583 1812 740 1897 expressis
756 1811 861 1877 verbis
876 1812 1048 1877 memoriae
1064 1812 1202 1897 prodidit
1218 1832 1295 1877 eum
1311 1833 1365 1898 per

216 1919 448 2005 quinquaginta
471 1925 618 2004 quattuor
641 1940 740 1984 annos
761 1939 870 2004 regem
893 1920 992 1984 luisse
1016 1916 1078 2004 (ἔτη
1102 1915 1158 2005 γὰρ
1182 1922 1365 2005 πεντήκοντα

217 2021 266 2087 καὶ
298 2023 423 2109 τέτταρα
455 2024 632 2112 βασιλεύσας
655 2025 820 2110 ζδιέτηρήσε
851 2021 903 2109 μὲν
931 2025 968 2109 πή
1000 2024 1118 2110 πατρίδι
1147 2023 1200 2110 τήν
1224 2025 1365 2111 εἰρήνην),

215 2153 310 2217 quem
332 2133 435 2198 locum
460 2155 479 2198 a
501 2133 636 2198 Gerckic
660 2139 691 2198 et
713 2134 863 2199 Belochic
890 2153 1052 2218 perperam
1076 2134 1272 2219 explicatum
1297 2153 1364 2200 esse

215 2260 253 2307 eo
276 2244 378 2328 magis
401 2244 601 2328 perspicuum
625 2249 681 2322 est,
707 2244 791 2328 quod
814 2244 967 2325 Polybius
988 2244 1099 2328 paucis
1123 2244 1268 2309 versibus
1293 2251 1364 2310 ante

214 2353 434 2438 imperatorem
459 2352 729 2435 Syracusanorum
752 2355 972 2438 sociorumque
995 2374 1014 2418 a
1036 2352 1265 2436 Syracusarum
1288 2373 1364 2440 rege

216 2463 331 2527 diserte
355 2462 546 2528 discreverat
569 2463 641 2546 (8,l
674 2466 789 2546 πρῶτον
822 2459 873 2544 μὲν
909 2461 947 2523 δι’
971 2460 1062 2525 αὑτοῦ
1084 2462 1289 2546 κατεκτήσατο
1313 2459 1364 2546 τήν

214 2569 407 2656 Συρακοσίων
437 2568 486 2633 καὶ
515 2575 573 2634 τῶν
597 2568 763 2656 συμμάχων
788 2571 892 2656 ἀρχήν.
938 2572 1002 2655 8,2
1032 2568 1081 2633 καλ
1114 2569 1171 2656 μήν
1201 2570 1258 2634 ούκ
1288 2571 1366 2635 ἀπο-

216 2679 341 2761 κτείνας,
364 2680 398 2743 ού
423 2679 624 2766 φυγαδεύσας,
650 2680 683 2743 οὐ
707 2681 842 2764 λυπήσας
861 2679 968 2743 οὐδένα
983 2692 1039 2745 τῶν
1056 2683 1195 2762 πολιτῶν,
1219 2673 1258 2744 δι>
1274 2680 1366 2745 αὑτοῦ

218 2788 357 2877 βασιλεὺς
390 2789 518 2873 κατέστη
554 2795 613 2852 τῶν
645 2788 860 2874 Συρακοσίων).
918 2790 1033 2855 Verbis
1068 2796 1175 2856 autem
1212 2788 1266 2876 ἔτη
1310 2789 1366 2877 γὰρ

216 2899 397 2983 πεντήκοντα
419 2896 469 2961 καὶ
491 2899 617 2985 τέτταρα
641 2898 819 2984 βασιλεύσας
842 2919 905 2963 non
924 2905 1024 2964 totum
1047 2906 1179 2985 tempus
1202 2919 1259 2985 per
1281 2900 1366 2985 quod

214 3010 383 3095 imperium
407 3010 594 3093 obtinuerit,
625 3029 734 3074 verum
757 3011 804 3093 id,
835 3030 890 3094 per
912 3010 996 3094 quod
1019 3029 1077 3075 rex
1098 3011 1212 3094 fuerit,
1243 3011 1366 3076 dictum

216 3138 284 3185 esse
308 3139 403 3203 quam
426 3120 599 3184 certissime
622 3124 761 3204 arguunt
791 3125 822 3184 et
851 3120 1040 3184 antecedens
1070 3121 1285 3185 enuntiatum:
1323 3118 1366 3184 ἔτι

217 3225 306 3291 δὲτὸ
330 3225 371 3312 μή
396 3228 483 3313 μόνον
505 3229 676 3312 κτήσασθαι
698 3225 751 3312 rip
776 3224 871 3313 ἀρχήν
895 3228 971 3310 (scil.
1000 3226 1052 3312 rip
1078 3226 1244 3312 βασιλείαν)
1270 3228 1366 3302 ούτιυς

217 3336 295 3417 (scil.
319 3336 373 3399 οὐκ
402 3336 595 3417 ἀποκτείνας,
629 3335 662 3400 ού
695 3336 901 3421 φυγαδεύσας,
936 3336 970 3399 ού
1001 3337 1135 3421 λυπήσας
1166 3336 1275 3400 οὐδένα
1306 3343 1366 3402 τῶν

215 3446 372 3527 πολιτῶν),
407 3444 485 3509 ἀλλὰ
515 3442 564 3508 καὶ
597 3444 776 3530 διαφυλάξαι
803 3442 853 3509 τόν
883 3443 970 3510 αύτύν
1002 3447 1119 3532 τρόπον.
1144 3443 1196 3531 ἔτη
1221 3444 1278 3532 γὰρ
1302 3447 1364 3512 κτὲ.

216 3556 248 3616 et
264 3553 430 3637 sequentia
446 3552 555 3616 verba:
582 3550 740 3636 διεφύλαξε
764 3552 791 3614 δ’
815 3545 898 3638 abripi
920 3549 972 3636 rip
994 3550 1091 3638 ἀρχήν
1106 3550 1365 3638 ἀνεπιβούλευτον,

218 3657 341 3743 διέφυγε
374 3656 407 3721 δὲ
440 3658 488 3722 τόν
523 3661 586 3731 ταῖς
621 3660 837 3747 ὑπεροχαῖς
867 3662 1071 3747 παρεπόμενον
1105 3661 1236 3747 φθόνον·
1259 3661 1291 3734 ὅς
1330 3685 1366 3746 γε

216 3765 361 3839 πολλάκις
395 3767 608 3855 ἐπιβαλόμενος
647 3769 818 3835 ἀποθέσθαι
854 3769 907 3856 rip
948 3768 1185 3835 δυναστείαν
1220 3770 1366 3858 ἐκωλύθη

216 3875 292 3942 κατὰ
314 3874 410 3941 κοινύν
434 3874 490 3940 ὑπό
512 3883 570 3941 τῶν
593 3881 765 3965 πολιτῶν*).
811 3881 945 3948 Prorsus
975 3883 1066 3949 aliter
1095 3885 1294 3966 comparatus
1317 3887 1368 3948 est

304 4163 330 4238 ²⁸)
350 4165 503 4238 Reussium,
523 4168 570 4236 qui
587 4170 617 4225 in
628 4170 669 4226 Pl.
689 4187 751 4226 ann.
770 4169 836 4241 phil.
855 4187 878 4227 a.
894 4172 962 4226 1892
978 4187 1005 4240 p.
1021 4172 1071 4225 107
1084 4167 1232 4224 Hieronem
1242 4166 1366 4238 primurn

214 4257 461 4332 Syracusanorum,
486 4260 583 4318 deinde
607 4264 743 4321 sociorum
767 4281 875 4334 quoque
897 4281 989 4334 regem
1007 4262 1112 4319 factum
1130 4277 1192 4318 esse
1210 4261 1364 4335 contendit,

214 4351 349 4412 refutari
366 4351 512 4412 Belochina
529 4372 557 4427 p.
575 4359 642 4415 483.»
