2836 4838
677 273 718 338 60

128 447 247 512 10011111
285 449 340 533 qui
379 450 474 514 verba
505 450 574 517 eius
611 453 737 534 possent
770 449 888 514 audire.
942 449 983 512 10
1015 469 1128 514 aurem
1157 447 1292 512 dixerit,

129 557 395 640 simplicissimam
417 559 512 625 habet
534 560 616 623 vim:
641 577 767 623 scurrae
791 577 853 622 non
870 558 972 622 solum
995 577 1033 623 ea
1054 559 1171 639 sciunt,
1196 576 1277 640 quae

129 685 186 730 rex
209 686 281 731 cum
304 669 417 752 regina
438 669 596 733 fabulatus
619 673 683 749 est,
717 688 825 732 verum
850 667 943 733 etiam
969 687 1020 751 ea,
1053 686 1136 752 quae
1159 667 1217 731 ille
1241 686 1276 730 eo

128 776 260 843 consilio
284 797 323 843 ne
346 778 531 843 audirentur
553 780 683 862 reginae
706 779 925 842 insusurravit.
969 777 1079 861 Friget
1103 782 1277 860 praeterea,

130 881 215 962 quod
229 883 467 967 famigeratores
490 904 527 948 ea
541 886 668 948 11011000
684 883 840 966 dicuntur,
863 902 944 967 quae
966 883 1005 947 ad
1025 902 1115 946 sacra
1128 881 1278 946 facienda

128 996 293 1076 praecepta
316 1011 374 1057 rex
398 993 491 1057 uxori
514 992 644 1075 dederit,
666 997 825 1075 tamquam
850 1011 887 1056 ea
909 993 1081 1075 comperire
1102 991 1278 1054 Athenien-

130 1095 212 1159 sium
236 1099 345 1181 magni
362 1099 552 1178 interfuerit,
584 1098 754 1162 tenendum
779 1099 864 1162 euim
887 1097 1188 1181 estllegaronidam
1214 1114 1277 1159 non

130 1210 194 1271 tam
218 1209 317 1292 queri,
338 1208 371 1270 in
394 1208 669 1292 famigeratoribus
692 1209 820 1291 scilicet,
843 1208 925 1289 quod
949 1208 1036 1292 regis
1059 1207 1145 1271 dicta
1167 1208 1281 1292 sciant,

131 1329 224 1392 quam
257 1313 340 1396 quod
373 1315 406 1376 in
437 1315 553 1397 vulgus
585 1313 723 1378 efferant.
769 1313 915 1393 Denique
939 1311 1182 1393 Ostermayerus
1215 1332 1277 1376 nou

130 1426 214 1485 recte
229 1423 390 1486 contendit
411 1441 520 1506 regem
538 1442 696 1487 sacrorum
721 1423 824 1487 solum
846 1442 917 1486 00111
942 1422 1054 1505 regina
1067 1421 1278 1486 coniunctum

129 1532 268 1595 inveniri
284 1531 374 1595 -id
390 1532 474 1616 quod
498 1533 547 1596 vel
570 1553 626 1617 per
648 1553 681 1597 se
697 1532 866 1596 admodum
891 1531 958 1595 veri
974 1531 1128 1628 dissimile
1152 1536 1203 1594 est
1219 1553 1277 1610 ·-3
1293 1599 1300 1634 r

131 1640 227 1706 Stich.
252 1662 279 1705 1.
297 1643 359 1705 133
383 1641 547 1726 Pamphila
570 1663 604 1707 se
627 1649 658 1708 et
681 1644 828 1707 maritum
851 1662 944 1707 suum
968 1659 1121 1725 pauperes
1144 1642 1280 1724 opponit

130 1750 201 1833 regi
232 1749 442 1833 reginaeque,
475 1752 530 1815 ubi
563 1771 655 1815 nemo
686 1770 793 1834 regem
823 1750 1066 1815 Atheniensium
1095 1748 1278 1829 subaudiet,

130 1858 244 1923 Alexis
284 1860 316 1923 in
352 1859 484 1924 Crateua
523 1863 591 1944 (frg.
616 1862 689 1942 111)
723 1859 884 1925 Demetrio
917 1859 1111 1924 Poliorcetae
1148 1857 1277 1923 Philam

29 2019 33 2028 .
132 1967 288 2051 adiunxit,
311 1989 501 2052 quamquam
526 1990 586 2033 non
612 1971 754 2053 reginam
779 1969 962 2053 appellavit,
991 1963 1276 2050 001Ἀφροδίτην,

133 2096 192 2142 nec
215 2076 324 2141 dubito
348 2078 425 2161 quin
450 2079 595 2163 exempla
617 2078 772 2142 cumulari
796 2078 923 2162 possint.
968 2076 1054 2161 Ergo
1077 2077 1156 2140 haec
1179 2097 1277 2161 argu-

132 2187 281 2250 mentatio
305 2205 368 2249 non
391 2186 548 2250 satisfacit.
590 2187 639 2250 Ac.
660 2188 738 2249 mihi
763 2187 892 2270 quidem
915 2205 953 2250 ea
975 2186 1035 2250 1001
1058 2186 1278 2269 interpretatio

133 2297 276 2360 omnium
298 2297 438 2360 maxime
460 2295 577 2380 placet,
608 2315 649 2360 ox
673 2315 753 2380 qua,
782 2315 854 2359 cum
876 2295 1054 2359 Thesaurus
1076 2295 1278 2359 Philemonis

131 2405 310 2488 docebatur,
334 2407 473 2470 Athenae
496 2407 565 2489 regi
589 2406 683 2469 alicui
706 2403 865 2468 subiectae
888 2409 992 2486 eraut,
1022 2404 1088 2467 soil.
1111 2402 1278 2468 Demetrio

131 2513 341 2596 Poliorcetae‚
370 2515 425 2597 qui
447 2514 533 2577 solus
557 2514 690 2583 Athenis
713 2513 898 2597 simpliciter
919 2532 976 2576 rex
1000 2511 1102 2595 potuit
1122 2510 1279 2595 appellari

131 2628 297 2707 postquam
327 2622 382 2687 alii
412 2643 537 2707 quoque
560 2625 764 2707 imperatores
795 2641 894 2706 regna
915 2621 1127 2686 instituerunt
1176 2623 1280 2686 Antea

134 2733 228 2796 etiam
267 2730 448 2817 Philippum
486 2731 694 2795 Arrhidaeum
727 2731 933 2795 Athenienses
970 2749 1078 2814 regem
1121 2729 1281 2794 vocabant

134 2841 296 2927 (Theophr.
328 2842 411 2906 char.
434 2844 470 2924 8,
501 2843 537 2907 cf.
572 2841 682 2923 infra),
715 2841 754 2905 de
793 2842 884 2905 cuius
913 2839 1107 2925 temporibus
1142 2838 1197 2903 hic
1237 2859 1279 2905 ne

133 2952 310 3036 cogitemus
331 2952 476 3035 prohibet
498 2952 616 3016 mentio
639 2950 809 3016 Seleuciae.

220 3059 345 3126 Deinde
367 3063 394 3126 01
418 3062 490 3146 quis
513 3081 554 3126 ex
578 3082 622 3126 10.
648 3063 710 3124 598
734 3080 795 3145 sq.:

265 3165 333 3231 Ibit
355 3167 446 3248 istac,
470 3168 585 3251 aliquo,
608 3168 643 3231 in
665 3186 847 3230 ateramum
869 3164 987 3228 malam
1010 3182 1130 3228 crucem
1138 3161 1177 3242 *1,

262 3276 510 3357 Lutrooinatunr,
535 3281 591 3340 001
613 3277 648 3340 iu
671 3275 787 3340 Asiana
810 3279 865 3339 out
887 3275 923 3337 iu
947 3272 1091 3339 Cilicium

133 3386 179 3450 ibi
202 3390 270 3451 tum
292 3387 409 3452 bellum
434 3391 557 3472 gestum
582 3406 650 3452 esse
673 3386 852 3470 collegerit,
881 3383 990 3468 procul
1019 3380 1116 3445 dubio
1139 3378 1281 3443 nimium

135 3497 342 3574 concluserit3
375 3497 459 3560 dixit
480 3496 651 3578 Stasimus,
684 3501 720 3559 ut
752 3515 807 3578 par
829 3499 893 3576 est,
922 3490 1112 3576 generaliter
1145 3507 1200 3553 eas
1229 3509 1282 3554 re-

135 3606 256 3691 giones,
276 3607 310 3668 in
334 3606 449 3690 quibus
472 3607 589 3670 milites
604 3605 793 3670 conducticii
816 3604 955 3667 maxime
976 3597 1221 3685 imperatoribus
1246 3618 1283 3664 se

136 3713 283 3781 addicere
305 3712 455 3777 solebant.

222 3822 331 3888 Restat
351 3827 420 3906 post
442 3842 488 3904 00,
511 3842 591 3907 quaa
608 3824 847 3908 disputavimus,
870 3826 905 3886 ut
919 3821 1079 3903 terminos,
1101 3838 1180 3900 quos
1196 3819 1284 3882 iutra

135 3934 313 4000 Thesaurus
336 3931 440 3995 doceri
471 3933 622 4015 potuerit,
653 3933 752 3996 artius
775 3932 1077 3996 circumscribamus.
1129 3928 1167 3990 In
1191 3932 1283 3992 01110-

141 4107 331 4118 -----
353 4106 381 4111 --
421 4107 424 4111 -

226 4197 252 4269 *)
273 4197 318 4252 Sic
335 4198 392 4252 Leo
418 4213 460 4252 me
484 4196 577 4253 docuit
595 4197 842 4267 interpungendum
867 4213 928 4253 0000
952 4202 980 4252 01
998 4193 1205 4265 explicandum:
1231 4196 1286 4252 ibit

137 4295 215 4363 ictuc,
234 4291 251 4346 i.
271 4307 294 4346 0.
314 4291 384 4346 istac
402 4292 522 4361 regione,
541 4297 621 4346 extra
639 4291 748 4359 urbem,
773 4292 875 4361 aliqrco,
899 4291 990 4346 nescio
1010 4304 1072 4359 quo,
1091 4287 1140 4343 sed
1159 4293 1236 4344 certe
1252 4288 1282 4345 iu

138 4386 295 4461 perniciem,
313 4390 410 4456 utpote
428 4385 629 4440 latrocinatum.
