2836 4838
683 239 727 302 te

305 410 353 478 Nc
375 413 540 495 quiscere
563 434 601 478 ea
627 413 749 478 Arabia
765 413 980 493 penitissuma

307 521 536 602 Perseqnntcm

151 652 180 695 v.
204 633 281 695 545:
306 630 447 696 Haecine
469 630 527 694 illo
550 635 595 694 cst
614 630 738 712 furtiua
760 630 908 713 nir90?*)

132 740 249 806 iamsi
272 745 368 804 totam
392 741 568 824 proximam
591 760 735 805 scaenam
758 739 955 823 inspicimus,
981 741 1118 804 furtivae
1142 741 1282 825 virginis

132 870 190 914 nec
213 851 282 914 vola
312 869 371 913 nec
394 851 564 934 vestigium
588 854 763 933 comparet,
796 850 892 912 immo
923 850 1078 934 captivam
1103 857 1283 914 monstrant

133 965 212 1024 etv.
237 959 318 1022 618:

261 1065 315 1130 Itu
334 1066 390 1146 pol
412 1085 512 1147 spero,
537 1066 566 1130 si
588 1071 736 1144 pincentes
755 1065 872 1146 facient
896 1065 1034 1146 ospicium
1055 1086 1159 1148 sucini,

134 1195 229 1260 quem
262 1177 321 1240 etsi
355 1182 460 1259 aperte
483 1179 601 1258 spectat
631 1175 670 1238 ad
694 1194 839 1239 scaenam
863 1174 954 1257 IV,9
986 1175 1058 1239 leno
1089 1195 1153 1238 non
1180 1178 1283 1260 potuit

131 1285 315 1365 intellegere
336 1286 399 1348 nisi
422 1285 461 1348 de
478 1284 610 1347 muliere
635 1283 716 1347 bello
732 1289 829 1367 capta,
852 1284 1109 1367 quandoquidem
1127 1287 1281 1350 furtivam

133 1399 221 1477 pater
250 1413 314 1456 non
346 1393 549 1473 redemisset,
581 1412 692 1457 verum
721 1394 749 1456 si
771 1412 835 1456 non
865 1393 933 1476 ipse
962 1400 994 1457 at
1016 1413 1071 1476 per
1093 1395 1199 1458 civem
1225 1396 1282 1459 ali-

133 1521 227 1585 quem
250 1501 283 1564 in
306 1501 484 1576 libertatem
509 1501 708 1584 vindicasset,
731 1507 762 1566 et
785 1523 812 1565 v.
837 1503 916 1565 653:

436 1630 521 1674 mens
539 1615 642 1690 puter,
666 1609 719 1673 nbi
741 1630 788 1674 me
810 1610 885 1674 sciet

312 1716 439 1781 Venisse
461 1717 529 1800 inc,
554 1719 623 1798 ipsc
645 1718 747 1782 aderit
769 1724 798 1782 ci
821 1738 867 1780 mc
889 1717 944 1781 abs
967 1723 995 1781 tc
1016 1717 1150 1782 redimet

132 1826 290 1890 studii:
309 1826 470 1906 antnsuc
492 1833 537 1890 est
553 1826 673 1906 peter?
716 1823 789 1889 Non
813 1830 943 1906 captus,
975 1826 1030 1890 sed
1051 1827 1134 1907 quod
1157 1826 1280 1908 tabuit,

1069 1935 1238 2016 perdidit;

133 2045 249 2109 diserte
280 2046 382 2130 igitur
415 2045 474 2108 hoc
503 2045 571 2109 loco
604 2046 771 2129 respicitur
802 2043 918 2109 bellum
955 2065 982 2108 v.
1008 2045 1070 2108 506
1103 2045 1280 2110 laudatum.

133 2155 246 2219 Postea
267 2157 301 2219 in
325 2174 438 2219 scaena
462 2154 550 2238 [Ἠ
583 2174 692 2218 rursus
721 2159 809 2238 rapta
837 2152 942 2238 puella
966 2153 1082 2217 dicitur
1104 2173 1134 2216 v.
1160 2155 1225 2218 715
1251 2160 1282 2219 et

132 2265 178 2328 sic
209 2266 353 2350 quidem,
385 2271 420 2330 ut
447 2264 622 2329 Dordalum
658 2264 698 2327 ad
730 2284 773 2327 vs.
798 2265 861 2326 524
877 2283 923 2347 sq.
962 2283 980 2326 a
1009 2263 1122 2327 Plauto
1153 2264 1281 2327 additos

133 2380 272 2458 spectare
297 2376 426 2439 eluceat.
471 2373 627 2438 Videmus
657 2374 757 2456 igitur
786 2392 848 2435 non
872 2372 972 2435 solum
998 2371 1134 2455 puellam
1159 2372 1282 2456 duplici

132 2485 254 2549 ratione
286 2486 319 2548 in
358 2485 416 2548 hac
444 2483 551 2548 fabula
582 2483 786 2565 descriptam,
818 2500 928 2545 verum
961 2482 1056 2545 etiam
1094 2480 1173 2544 duas
1209 2483 1280 2546 eius

132 2595 252 2678 species
268 2595 405 2678 singulis
426 2595 459 2657 in
484 2594 606 2657 scaenis
629 2593 744 2656 diserte
767 2593 850 2655 inter
872 2610 906 2654 se
929 2609 997 2654 esse
1012 2594 1180 2674 separatas.
1216 2590 1281 2654 Ita·

133 2722 195 2787 que
229 2704 277 2767 vel
306 2702 378 2765 ideo
401 2707 568 2785 utramque
599 2701 638 2765 ab
669 2701 763 2764 attico
792 2705 883 2784 poeta
913 2698 1075 2763 confictam
1110 2718 1179 2763 esse
1211 2701 1282 2764 noli

133 2812 268 2876 credere.
314 2810 380 2874 Iam
415 2829 562 2874 scaenam
593 2810 685 2890 IV,4
721 2829 761 2873 ex
794 2809 967 2892 exemplari
997 2827 1177 2893 expressam
1210 2829 1281 2874 esse

133 2922 245 3005 quovis
268 2921 401 3004 pignore
423 2925 525 3003 potest
546 2920 710 3003 sponderi3
741 2921 775 2982 in
805 2939 839 2983 se
869 2917 1006 3003 perlecta
1036 2923 1199 3002 astatque
1223 2920 1280 2983 ab·

131 3028 233 3094 soluta
256 3028 435 3111 optimeque
458 3033 586 3109 morata,
609 3028 734 3090 atticam
757 3026 894 3091 fabulam
918 3027 1039 3091 redolet
1061 3027 1110 3090 vel
1139 3029 1282 3108 „tragica

132 3143 163 3203 et
184 3137 358 3221 Euripiden
380 3137 485 3219 dictio,
510 3156 591 3221 quae
614 3141 773 3220 comparet
794 3136 827 3200 in
852 3138 937 3200 omni
962 3137 1097 3220 virginis
1115 3136 1281 3201 sermone“

133 3248 181 3326 (cf.
195 3246 459 3310 Wilamowitzius
482 3267 509 3329 p.
527 3247 592 3327 25),
615 3250 723 3308 contra
746 3264 878 3308 scaenae
901 3246 1065 3329 proximae
1088 3244 1154 3325 (IV,
1172 3245 1202 3325 3)
1227 3263 1283 3309 eas

131 3361 245 3439 partes,
269 3356 308 3419 de
332 3355 448 3439 quibus
469 3355 592 3438 agitur,
625 3359 749 3438 propter
772 3374 815 3416 vs.
841 3355 902 3418 530
920 3373 986 3438 sqq.
1010 3359 1093 3417 certe
1124 3372 1142 3416 a
1164 3351 1281 3417 Plauto

132 3469 200 3548 ipso
223 3462 321 3527 factos
344 3465 556 3547 suspicionem
580 3482 706 3527 movere
736 3482 830 3546 supra
853 3463 1042 3525 monuimus.
1088 3459 1192 3537 Quare
1215 3481 1282 3526 non

59 3593 62 3601 ’
134 3573 342 3637 dubitandum
377 3591 446 3637 esse
480 3573 559 3636 mihi
591 3572 731 3653 videtur,
764 3571 841 3654 quin
880 3571 993 3634 atticus
1029 3575 1120 3654 poeta
1154 3570 1283 3636 fabulae

76 3673 79 3679 ’
134 3685 357 3765 argumentum
380 3681 449 3744 eius
472 3679 558 3743 modi
580 3680 698 3761 fecerit,
721 3682 757 3743 ut
776 3679 912 3763 puellam
935 3679 969 3741 in
989 3678 1190 3762 expeditione
1204 3678 1283 3743 Per·

134 3810 240 3854 sarum
272 3794 380 3853 contra
409 3789 528 3853 Arabes
558 3794 678 3873 captam
710 3793 742 3852 et
764 3787 902 3851 Athenas
931 3786 1094 3850 advectam
1125 3804 1212 3865 esse,
1247 3792 1284 3850 ut

133 3898 189 3962 ibi.
210 3900 347 3980 veniret,
377 3898 507 3962 Toxilus
529 3887 665 3962 finxerit.
711 3894 875 3960 Furtivam
907 3915 979 3959 cum
1002 3895 1134 3959 Plautus
1165 3894 1283 3980 adsuit,

134 4008 215 4072 hanc
236 4007 432 4071 comoediam
455 4027 530 4073 sane
553 4027 615 4071 nnn
638 4005 777 4071 reddidit
799 4005 970 4069 meliorem.

222 4208 248 4280 ¹⁸)
269 4205 385 4275 Neglexi
403 4223 441 4261 vs.
456 4211 586 4277 530sqq.,
607 4207 654 4277 qui
672 4205 708 4261 ad
719 4202 877 4260 Plautinum
889 4202 1105 4260 additamentum
1123 4219 1161 4259 vs.
1175 4207 1230 4258 524
1240 4220 1285 4274 sq.

134 4300 281 4372 pertinent.

555 4394 864 4409 ψ
