2836 4838
628 305 668 371 57

72 477 189 560 multas
210 476 316 541 Plauti
347 482 378 542 et
399 478 536 544 Terentii
566 477 690 544 fabulas
719 481 758 544 ad
781 480 987 566 Posidippum
1019 482 1135 547 referre
1166 501 1218 546 eo·

71 587 167 672 gitur.
202 587 348 671 Namque
371 590 454 652 servi
477 591 570 674 coqui
595 591 790 656 inducuntur
811 592 845 654 in
869 591 1093 674 Menaechmis,
1115 592 1217 655 Aulu-

70 695 165 777 laria,
197 695 441 780 Curculione*),
470 698 572 763 Milite
597 700 757 782 Glorioso,
787 721 959 784 coquorum
992 720 1123 766 munere
1145 701 1217 765 fun·
1273 721 1276 725 ·

70 809 193 888 guntur
214 805 299 869 servi
320 805 451 870 Toxilus
473 807 507 870 in
530 808 637 891 Persa,
664 809 801 874 Uaramus
824 811 856 873 in
879 811 1085 894 Truculento,
1117 809 1216 892 Syrus

68 910 104 972 in
139 909 277 975 Terentii
311 911 482 995 Adelphis,
515 914 631 997 quibus
665 915 920 980 adnumerandus
956 922 1003 980 est
1034 915 1216 996 1111111111

64 1019 180 1099 furum
202 1021 236 1082 in
251 1020 407 1085 Eunucho
431 1023 572 1105 (1.776).
608 1025 714 1109 Atque
735 1024 892 1109 μαγείρους
915 1045 968 1090 111
983 1025 1215 1110 intellegendos

68 1133 155 1212 pute,
179 1128 234 1212 qui
256 1129 405 1194 delicatos
428 1136 522 1214 atquc
546 1134 721 1216 exquisitos
744 1135 831 1198 cibos
854 1134 1053 1218 apparabant,
1080 1134 1163 1217 quod
1186 1134 1215 1197 si

67 1243 193 1301 rectum
216 1243 279 1320 est,
310 1259 372 1303 non
395 1245 565 1324 potuerunt
587 1244 737 1326 conduci,
769 1245 830 1307 nisi
861 1249 915 1308 aut
945 1244 1074 1327 nuptiae
1095 1242 1215 1307 fiebant

68 1353 107 1411 ut
134 1348 168 1410 in
199 1347 312 1412 Casina
346 1356 377 1413 et
407 1350 573 1415 Aulularia
610 1358 665 1416 aut
696 1355 767 1436 quis
799 1353 962 1436 opulentas
997 1353 1106 1436 epulas
1141 1372 1214 1416 cum

13 1492 19 1500 ·
68 1458 173 1520 amica
201 1458 376 1522 instruebat
409 1465 443 1523 ut
478 1461 510 1522 in
540 1461 713 1526 Mercatore
745 1468 776 1526 et
804 1462 1034 1542 Menaechmis3
1068 1460 1214 1525 similiter

67 1587 120 1631 res
143 1568 293 1631 sehabet
316 1569 544 1633 dePseudolo.
591 1570 756 1635 (larionem
786 1573 818 1635 in
844 1572 944 1635 Milite
976 1590 1112 1657 coquum
1143 1589 1211 1635 esse

68 1697 133 1741 non
157 1677 286 1742 docetur
316 1680 376 1742 nisi
401 1680 496 1743 unius
518 1700 650 1745 scaenae
673 1682 952 1765 superscriptione,
984 1679 1092 1763 procul
1115 1680 1212 1743 dubio

68 1785 211 1870 ὀψοποιός
235 1791 281 1850 est
305 1792 338 1850 ut
354 1787 500 1870 Cyamus,
523 1808 581 1852 nec
604 1791 706 1872 magis
721 1790 911 1853 Phaedromi
927 1809 1064 1872 coquum
1086 1787 1211 1852 1116111-

67 1894 194 1958 culione
227 1891 364 1977 μάγειρον
396 1914 463 1959 1111
495 1916 565 1959 curn
596 1895 1209 1978 Β1116111111)Βὸ11.1)11111.1)1.125)

66 2004 147 2068 mihi
179 2005 404 2087 persuaserim,
437 2006 512 2088 quia
545 2006 599 2069 ille
629 2012 705 2070 11111
737 2008 831 2071 stulte
853 2007 994 2087 fecisset,
1024 2007 1051 2070 si
1080 2005 1210 2090 parasiti

65 2133 162 2177 causa
191 2114 349 2177 cotidiana
379 2116 526 2178 convivia
557 2115 761 2196 instituisset,
793 2115 993 2179 Curculionis
1032 2134 1106 2179 vero
1145 2134 1208 2178 non

64 2223 162 2286 refert
192 2222 325 2286 delicate
356 2241 441 2306 osso,
472 2224 547 2287 dum
578 2225 721 2287 multum.
777 2224 903 2288 Ceteros
933 2223 1070 2306 denique
1100 2242 1208 2288 omnes

65 2329 227 2416 ὀψοποιούς
246 2333 403 2396 vocandos
426 2352 494 2397 esse
509 2335 709 2398 manifestum
735 2340 788 2398 est.
821 2333 868 2396 Eo
891 2333 991 2416 igitur
1006 2334 1208 2416 pervenimus

64 2439 306 2522 disquisitionis
329 2446 363 2504 ut
387 2438 509 2510 δούλους
534 2440 691 2524 μαγείρους
714 2445 747 2504 in
771 2440 894 2504 duabus
912 2440 1068 2504 Plautinis
1091 2440 1207 2506 fabulis

61 2550 168 2613 inesse
192 2569 434 2633 cognoscamus,
461 2551 676 2615 Menaechmis
706 2556 738 2615 et
760 2550 934 2615 Aulularia.
982 2549 1080 2633 Atqui
1111 2551 1206 2615 huius
1245 2563 1264 2596 l*

63 2659 228 2741 exemplar
257 2678 318 2722 non
343 2660 520 2745 Posidippi,
553 2662 609 2726 sed
644 2671 678 2725 ut
708 2661 790 2724 infra
819 2659 1084 2746 demonstrabitur
1106 2660 1205 2724 multo

62 2772 137 2831 ante
161 2785 232 2856 eum
256 2770 462 2852 compositum
494 2774 548 2833 est.
594 2769 682 2845 Quae
705 2790 775 2833 crim
806 2771 850 2832 ita
872 2769 950 2850 sint,
980 2769 1093 2833 licetne
1125 2769 1205 2833 illud

61 2877 220 2941 Athenaei
244 2879 352 2960 utique
376 2879 576 2962 improbare?
621 2879 793 2962 Tamquam
817 2898 905 2959 eum,
928 2878 985 2958 qui
1008 2878 1205 2962 octingentas

58 2989 127 3051 fere
150 3006 184 3050 se
206 2987 383 3051 comoedias
405 2989 522 3071 legisse
546 2989 713 3073 praedicet,
736 3008 818 3051 unus
841 2988 895 3051 ille
918 2988 1021 3068 locus,
1053 3006 1114 3070 quo
1138 2988 1204 3051 solo

60 3095 275 3178 Congrionem
313 3101 344 3159 et
372 3096 562 3159 Anthracem
595 3115 701 3160 servos
740 3114 809 3159 esse
838 3095 1025 3179 perspicitur
1052 3095 1093 3174 (u.
1118 3093 1204 3179 310),

60 3224 124 3268 non
159 3205 250 3268 facile
282 3205 450 3289 praeterire
481 3205 624 3288 potuerit.
671 3203 725 3268 Sin
756 3213 859 3268 autem
891 3204 1083 3266 comicorum
1113 3222 1204 3287 grae-

58 3332 170 3377 corum
192 3313 368 3397 fragmenta
391 3313 589 3397 inspicimus,
620 3319 773 3396 quantum
797 3313 925 3397 quidem
955 3331 995 3376 ex
1026 3312 1072 3376 eis
1095 3313 1203 3397 colligi

56 3427 178 3508 potest,
207 3422 363 3486 Athenaei
387 3424 504 3486 dictum
529 3423 707 3486 confirmari
731 3421 870 3503 videtur,
903 3441 965 3485 1111
988 3422 1021 3484 in
1043 3421 1202 3486 Thesauro

56 3530 229 3596 Archediei
264 3550 392 3596 servum
427 3529 565 3614 μάγειρον
598 3530 924 3616 deprehendimus**).
980 3529 1069 3605 Quod
1102 3532 1202 3615 igitur

149 3674 175 3744 *)
192 3675 233 3728 De
251 3675 303 3728 hac
322 3690 352 3728 re
365 3673 487 3728 dubitari
503 3675 548 3728 vix
562 3680 662 3744 potest,
681 3673 815 3742 siquidem
825 3674 972 3728 Palinurus
991 3689 1023 3728 eo
1037 3675 1204 3732 somniorum

53 3767 213 3822 coniectore
240 3766 281 3820 uti
307 3767 392 3834 solet,
422 3783 522 3836 coquos
543 3773 634 3822 autem
652 3783 759 3836 semper
785 3768 819 3822 ab
844 3783 897 3820 uno
918 3766 1066 3836 eodemque
1086 3767 1200 3823 conduci

52 3862 84 3916 in
105 3859 245 3915 comoedia
264 3859 416 3914 inauditum
436 3866 485 3915 est.

145 3952 187 4022 **)
207 3952 247 4006 ef.
268 3953 415 4006 Frantzius
434 3952 468 4008 de
487 3971 553 4009 com.
574 3960 622 4009 att.
643 3955 764 4023 prologis
785 3953 860 4024 (diss.
880 3956 992 4022 Argent.
1016 3953 1095 4023 1891)
1116 3971 1142 4022 p.
1156 3957 1199 4024 66,

51 4047 103 4117 qui
122 4044 196 4114 quod
214 4047 350 4100 Athenaei
376 4046 409 4100 de
428 4048 513 4101 servis
533 4047 627 4115 coquis
651 4046 725 4114 apud
744 4045 922 4114 Posidippum
941 4062 1024 4100 unum
1042 4048 1200 4115 apparenti-

48 4143 105 4195 bus
124 4139 251 4193 notitiam
269 4138 382 4193 fluxisse
401 4141 501 4193 conicit
520 4156 553 4193 ex
572 4141 686 4208 prologo
706 4140 919 4207 Apooleomenes
935 4138 1125 4208 Posidippeae,
1144 4158 1200 4196 non

52 4232 182 4301 respexit
207 4233 281 4286 illius
305 4233 449 4301 scriptoris
469 4232 693 4288 consuetudinem
712 4233 802 4286 omnia
822 4248 891 4300 quae
910 4249 944 4287 cx
962 4234 1051 4301 poetis
1077 4236 1201 4292 hauserit

47 4342 149 4384 eorum
167 4324 290 4394 ipsorum
308 4326 431 4380 versibus
451 4326 662 4394 comprobantis.
700 4326 792 4379 Verba
818 4342 903 4394 supra
922 4328 1060 4399 exscripta
1079 4329 1198 4386 clamant

45 4419 225 4486 Athenaeum
244 4418 397 4475 doctrinam
415 4420 490 4475 illam
510 4435 575 4474 suae
595 4419 780 4474 observationi
798 4417 905 4478 debere.
