2836 4838
687 279 727 341 13

131 456 265 518 maritus
304 455 372 517 eius
404 473 474 516 clim
513 453 553 517 ab
582 452 746 535 Antigono
779 451 939 533 deficeret,
971 453 1133 533 occeperat
1162 470 1181 512 a
1207 448 1281 512 Oas-

131 563 294 641 mfflmM

226 671 456 734 Wilamowituii
481 672 519 735 do
534 677 673 755 tempore
689 672 838 736 Pseudoli
862 672 1041 734 coniectura
1057 668 1186 751 egregie
1209 685 1283 729 con-

132 779 277 842 firmatur
309 779 491 841 felicissimo
522 779 552 842 F.
576 779 690 842 Leonis
724 781 870 857 invento,
904 779 959 861 qni
989 777 1022 839 in
1053 775 1190 839 Hermae
1221 772 1281 836 vol.

133 886 249 949 XVIII
271 906 299 969 p.
325 886 387 949 563
411 886 560 949 Pseudoli
582 887 678 950 verba
703 908 728 949 v.
753 887 834 949 412:

311 995 365 1056 Eu
388 995 441 1058 lzoo
464 995 606 1074 sepulcro
628 1000 728 1058 uetere
752 994 864 1075 uiginti
888 993 992 1056 atilius

312 1102 471 1183 Effodiuul
494 1124 546 1184 opo
570 1104 666 1182 laodic,
692 1124 770 1183 quiris
792 1103 860 1166 clem
884 1102 1044 1183 milifolio

133 1218 275 1296 spectare
305 1214 344 1275 ad
367 1213 531 1276 Menandri
556 1214 752 1276 Thesaurum
783 1212 957 1276 rectissime
988 1213 1083 1276 evicit
1114 1205 1154 1274 eir
1187 1209 1283 1273 huius

132 1322 260 1385 fabulae
282 1328 469 1405 argnrnento
491 1343 510 1385 a
532 1321 655 1386 Donato
679 1323 718 1385 ad
740 1323 806 1386 Ter.
830 1321 911 1384 Eun.
934 1321 1009 1404 prol.
1036 1341 1063 1382 v.
1084 1320 1123 1382 10
1149 1322 1281 1381 narrato.

133 1429 201 1493 Ubi
224 1450 295 1493 cum
319 1450 418 1494 senex
441 1452 553 1495 avarus
576 1452 701 1495 causam
727 1432 832 1494 dicere
856 1431 988 1514 incipiat
1011 1431 1059 1493 lis
1085 1428 1205 1492 verbis:

311 1539 529 1623 Atheniens-rs,
553 1540 666 1602 lullum
688 1561 754 1602 caum
780 1539 1011 1604 Rhodiensibus

313 1648 399 1727 Quod
420 1651 527 1726 (luerit,
552 1650 628 1728 qual
652 1670 704 1731 epo
728 1649 777 1711 til
796 1649 1006 1727 prurodu'oem?

135 1758 256 1822 bellum
278 1759 407 1841 aliquod
430 1760 461 1821 in
487 1761 592 1823 Attica
614 1764 898 1842 gestum,.propter
919 1759 1004 1841 quod
1034 1758 1089 1821 ille
1112 1775 1224 1820 aurum
1249 1773 1283 1818 se

135 1874 219 1931 terra
241 1868 419 1931 condidisse
442 1868 646 1949 simularent,
669 1869 787 1930 dictum
812 1887 880 1931 esse
904 1872 1026 1950 oportet
1048 1866 1283 1930 concludamus.

113 1980 115 1984 ‘
136 1977 234 2057 Atqui
257 1975 449 2040 Menandrea
471 1980 580 2056 aetate,
602 1977 694 2038 cuius
717 1976 756 2039 de
779 1976 910 2039 historia
933 1976 1008 2038 satis
1037 1974 1141 2039 edocti
1163 1991 1282 2054 sumus,

135 2103 233 2146 unam
257 2085 402 2148 novimus
425 2085 669 2166 expeditionem,
693 2104 786 2168 quam
810 2084 1010 2148 Ptolemaeus
1034 2084 1185 2167 Antigoni
1216 2082 1281 2145 dux

135 2213 162 2255 a.
180 2194 242 2255 312
260 2213 322 2256 una
338 2213 410 2257 oum
422 2193 617 2256 Rhodiorum
634 2194 743 2256 decem
759 2193 893 2257 navibus
913 2193 951 2256 ad
966 2193 1129 2257 Graeciam
1145 2193 1282 2257 liberan-

135 2303 209 2366 dam
242 2304 323 2366 fecit
381 2302 431 2364 Ad
465 2303 546 2365 hanc
580 2303 680 2385 igitur
715 2290 870 2385 spectare
888 2302 1055 2366 Menandri
1088 2303 1281 2365 Thesaurum

135 2447 178 2456 --
210 2431 282 2474 nam
313 2410 480 2473 Menandri
510 2409 703 2473 comoediam
736 2407 884 2472 Luscium
918 2409 1117 2473 Lanuuinum
1149 2410 1281 2473 barbare

135 2520 267 2582 vertisse
307 2521 391 2581 Inter
419 2537 528 2581 omncs
560 2524 681 2581 constat
709 2555 749 2563 -
784 2518 814 2581 Ο.
844 2517 993 2582 Dziatzko
1024 2520 1057 2580 in
1088 2518 1283 2582 Fleckeiseni

135 2628 249 2691 annall.
275 2628 349 2712 phil.
372 2648 400 2690 a.
428 2628 642 2710 iesuperu
670 2647 715 2710 sq.
740 2628 847 2710 procul
878 2628 975 2691 dubio
998 2634 1082 2692 reete
1105 2628 1281 2710 suspicatus

135 2742 183 2800 est
206 2742 300 2819 atque
323 2742 466 2800 accurate
489 2755 523 2799 re
538 2755 690 2819 perpensa
711 2738 794 2799 intra
811 2756 909 2799 annos
933 2739 995 2800 310
1019 2743 1050 2801 et
1072 2738 1135 2800 308
1148 2739 1282 2801 Athenis

135 2847 258 2910 doctam
293 2865 361 2909 esse
394 2845 579 2909 enucleavit.
624 2846 734 2928 Itaque
768 2865 840 2909 cum
876 2846 1027 2910 Pseudoli
1059 2851 1167 2909 auctor
1200 2847 1281 2909 hano

133 2955 274 3019 fabulam
297 2955 452 3036 respicere
474 2974 536 3017 non
562 2956 705 3037 potuerit,
730 2955 792 3018 nisi
814 2956 985 3018 novissime
1008 2960 1077 3021 acta
1099 2960 1165 3019 erat
1188 2961 1282 3038 atque

133 3068 343 3147 spectatorum
373 3063 617 3126 Atheniensium
657 3064 808 3125 memoria
847 3063 1028 3134 tenebatur,
1057 3065 1216 3147 sequitur,
1249 3068 1282 3126 ut

133 3171 283 3234 Pseudoli
308 3169 488 3253 exemplum
513 3169 572 3233 sub
595 3170 680 3232 idem
704 3175 827 3252 tempus
851 3170 959 3233 datum
982 3171 1030 3234 sit.

220 3278 296 3341 Tota
325 3279 402 3340 liaeo
433 3277 471 3341 de
503 3282 604 3341 aetate
634 3277 759 3340 fabulae
790 3279 1021 3361 argumentatio
1045 3278 1220 3361 labefieret,
1250 3281 1277 3343 si

133 3387 245 3450 merito
275 3385 403 3449 Niesius
432 3384 556 3465 (Gesoh.
589 3385 616 3447 d.
640 3406 686 3467 gr.
721 3385 787 3447 und
817 3386 938 3448 maked.
962 3385 1088 3449 Staaten
1119 3387 1131 3448 l
1155 3407 1182 3469 p.
1207 3390 1280 3471 287,

134 3498 209 3574 291,
232 3497 304 3570 309)
336 3494 593 3578 Oratesipolidem
625 3494 663 3556 ab
688 3494 842 3576 Antigoni
875 3493 1015 3577 partibus
1045 3496 1167 3559 stetisse
1198 3498 1281 3561 iudi-

133 3610 242 3672 casset.
286 3604 367 3668 Nam
391 3624 463 3667 cum
486 3604 690 3686 Polypercho,
716 3603 770 3685 qui
796 3604 888 3684 paulo
912 3607 984 3666 ante
1008 3623 1080 3666 cum
1112 3624 1148 3668 ea
1170 3605 1279 3688 Sicyo-

133 3731 208 3776 nem
231 3715 262 3774 et
284 3709 468 3773 Corinthum
493 3709 686 3789 obtinuerat,
719 3729 746 3771 a.
772 3709 834 3795 3l0
868 3708 985 3772 bellum
1018 3716 1126 3774 contra
1148 3711 1279 3776 (lassan-

132 3817 225 3881 drum
257 3818 430 3901 paravisset
457 3815 629 3878 Herculem
661 3814 838 3877 Alexandri
873 3818 905 3877 ct
935 3814 1083 3879 Barsines
1114 3815 1215 3879 filium
1245 3818 1278 3879 in

130 3946 268 4010 regnum
291 3925 495 3989 Macedoniae
518 3944 551 3987 se
575 3924 778 3987 reducturum
802 3942 870 3986 esse
893 3924 1046 3987 simulans
1074 3930 1105 3987 et
1127 3931 1182 3988 aut
1206 3945 1277 3989 vere

220 4196 246 4265 *)
266 4197 322 4250 Eos
342 4196 433 4250 dicere
451 4197 538 4250 voluit
557 4196 791 4263 Wilamowitaius,
811 4203 842 4250 ut
860 4213 964 4251 mecum
983 4199 1198 4267 communicavit,
1218 4218 1279 4254 curn

129 4287 181 4341 sub
200 4285 281 4340 finem
300 4286 486 4341 adnotationis
506 4305 572 4342 suae
592 4289 695 4359 (Antig.
715 4307 737 4343 v.
757 4290 822 4342 Kar.
844 4308 869 4358 p.
892 4292 954 4358 141)
981 4304 1035 4343 non
1061 4289 1128 4344 satis
1149 4296 1277 4351 accurate

130 4377 201 4434 dixit
221 4379 282 4449 „die
301 4379 507 4435 mutedoaisclre
525 4383 683 4451 Besutuuap
700 4398 753 4436 eoa
774 4381 904 4459 Sluymf‘
