2836 4838
685 272 726 337 62

133 446 193 511 tali
215 447 279 511 ιὀιιι
302 447 360 512 BD
385 446 473 529 tolia,
504 446 520 510 I
543 452 650 530 aperta
671 449 852 512 coniectura
874 443 1078 508 tolihabeut
1123 442 1176 508 De
1201 449 1280 509 utra·

135 575 197 640 que
218 557 352 621 lectione
375 575 461 619 nunc
482 560 543 619 stat
564 556 728 621 iudicium.
769 555 865 620 Recte
879 554 1095 637 Kiessliugius
1118 555 1282 618 contendit

133 665 184 730 cui
216 667 254 746 (v.
279 666 352 745 396)
387 665 511 750 probari
541 684 603 729 non
633 685 740 750 posse,
772 667 847 749 quia
874 684 936 728 non
969 664 1083 728 habeat
1112 683 1179 747 quo
1213 670 1280 746 apte

134 775 294 838 referatur.
339 772 410 856 Ipse
440 793 510 836 curn
544 773 617 853 putu
648 774 773 856 scripsit
804 792 904 856 eoque
937 773 1025 836 nisus
1048 777 1149 836 totum
1176 772 1280 835 locum

134 884 173 947 ad
197 882 304 947 Gallos
326 903 352 946 a.
377 884 440 946 279
464 882 546 965 apud
569 880 708 965 Delphos
731 883 831 946 victos
859 888 999 967 spectare
1022 882 1207 965 suspicatus
1229 888 1282 963 est,

134 993 357 1072 coniecturam,
387 991 415 1054 si
440 1009 548 1054 verum
572 991 723 1073 dicimus,
752 993 934 1055 coniectura
955 1010 1056 1075 eaque
1076 1009 1282 1074 nequaquam

134 1107 218 1165 certa
240 1101 392 1165 fundavit.
437 1098 499 1163 Sed
532 1105 566 1164 ut
588 1100 753 1164 lectionem
784 1101 854 1165 eius
876 1101 1103 1184 aliquantisper
1126 1120 1283 1184 agnoscu-

135 1229 217 1290 mus,
240 1215 344 1274 tamen
369 1209 408 1272 de
432 1208 673 1292 significatione,
706 1229 801 1292 quam
823 1209 1005 1273 enucleasse
1026 1208 1088 1272 sibi
1113 1211 1207 1274 visus
1229 1216 1283 1288 est,

133 1317 209 1381 licet
238 1317 390 1381 dubitare.
434 1315 515 1380 Nolo
548 1317 696 1396 equidem
730 1336 862 1400 urgere,
900 1317 984 1396 quod
1014 1316 1140 1380 barbari
1172 1317 1281 1381 fanum

135 1424 324 1510 Delphicum
357 1445 391 1489 re
424 1444 499 1489 vera
529 1426 795 1509 spoliaverunt*),
826 1431 857 1489 at
888 1426 977 1489 locus
1006 1425 1179 1489 Plautinus
1216 1428 1282 1510 ipsc

135 1536 227 1599 aliter
261 1540 459 1619 comparatus
498 1535 629 1598 videtur.
685 1534 850 1599 Euclionis
884 1539 1050 1618 argentum
1094 1541 1161 1616 est,
1199 1536 1281 1620 quod

134 1644 248 1728 Apollo
280 1649 314 1707 ut
337 1644 484 1707 defendat
506 1648 631 1717 oratur,
662 1645 745 1707 sicut
776 1644 909 1707 aliorum
944 1663 1070 1728 quoque
1104 1662 1182 1728 opes
1207 1645 1282 1708 olim

133 1754 232 1816 tuitus
254 1752 301 1815 sit.
347 1753 413 1815 Iam
437 1753 492 1832 qui
514 1753 562 1814 illi
585 1751 640 1814 alii
662 1752 759 1815 sunt?
803 1751 940 1816 Graeci?
975 1754 1019 1816 At
1040 1752 1183 1816 thesauri
1207 1751 1281 1816 Del-

135 1861 219 1944 phici
243 1880 307 1923 non
330 1861 531 1942 Graecorum,
561 1880 670 1924 verum
695 1861 853 1945 Apollinis
876 1866 980 1943 eraut,
1009 1881 1103 1925 suum
1126 1863 1280 1947 templum

135 1968 174 2032 ab
197 1969 339 2032 hostibus
362 1969 549 2033 defensurus
570 1969 632 2032 fuit
655 1988 713 2032 nec
735 1970 806 2033 aliis
829 1970 991 2051 subvenit,
1023 1989 1133 2033 verum
1165 1972 1237 2055 ipse
1264 1991 1282 2034 a

136 2076 265 2141 Graecis
289 2079 416 2142 adiutus
439 2083 486 2141 est
509 2077 611 2157 (Paus.
636 2077 668 2141 X
692 2079 815 2160 22,12:
846 2075 896 2140 καὶ
919 2079 934 2139 ὁ
960 2074 1029 2148 θεὸς
1053 2081 1131 2162 σφᾶς
1155 2078 1212 2141 οὐκ
1237 2074 1282 2143 εἴα

135 2187 307 2271 φοβεῖσθαι,
332 2185 470 2271 φυλάξειν
498 2184 530 2248 δὲ
547 2183 633 2256 αὐτὸς
657 2186 856 2270 ἐπηγγέλλετο
880 2190 917 2249 τὰ
939 2187 1056 2250 ἑαυτοῦ.
1093 2184 1132 2252 Οἱ
1156 2186 1191 2250 δὲ
1215 2190 1282 2273 ἀφι-

134 2295 254 2379 κόμενοι
276 2298 414 2381 τιμωρεῖν
437 2302 479 2382 τῳ
507 2296 566 2382 bed
592 2296 670 2378 art).
701 2296 775 2360 Noli
798 2298 883 2360 enim
907 2317 1062 2382 opponere
1086 2298 1279 2364 Pausaniam

136 2407 379 2490 descriptionem
401 2427 490 2470 suam
515 2407 663 2491 petivisse
686 2426 727 2470 ex
749 2406 909 2470 Herodoto
928 2407 1086 2486 uiuet:
1111 2409 1126 2469 b
1152 2405 1186 2470 δὲ
1212 2409 1280 2479 θεός

141 2539 234 2599 σφεας
259 2515 312 2577 οῦκ
335 2513 370 2576 ἔοι
393 2517 497 2594 κινεῖν,
527 2512 584 2598 φὰς
608 2513 695 2585 αὐτὸς
718 2512 815 2586 ἱκανὸς
839 2512 912 2577 εἶναι
936 2522 993 2578 τῶν
1025 2516 1140 2578 ἑωυτοῦ
1164 2541 1280 2601 προκοι-

135 2622 278 2703 τῆσθαι);
312 2641 386 2705 opes
418 2622 450 2684 in
484 2622 599 2703 templo
622 2620 774 2705 Delphico
806 2622 972 2686 collocatas
1004 2622 1180 2703 Apollinis,
1216 2643 1278 2688 non

136 2729 328 2794 Graecorum
363 2749 431 2794 esse
461 2732 638 2794 communis
670 2731 817 2794 omnibus
847 2732 1003 2795 sententia
1033 2732 1093 2794 fuit
1122 2730 1173 2812 (cl.
1207 2752 1234 2797 e.
1258 2752 1282 2797 ο.

133 2841 228 2905 Τθυο.
245 2839 291 2902 IV
310 2841 390 2902 118:
415 2836 480 2922 περὶ
503 2836 535 2900 δὲ
558 2845 616 2900 τῶν
639 2838 803 2923 χρημάτων
827 2843 879 2901 τοῦ
904 2841 985 2918 θεοῦ,
1008 2840 1101 2904 Isocr.
1126 2865 1156 2902 π.
1182 2841 1279 2908 ἀντιδ.

137 2951 200 3013 232
239 2953 297 3010 τῶν
335 2951 387 3009 τοῦ
427 2950 498 3009 θεοῦ
524 2947 706 3032 χρημάτων,
735 2948 942 3033 Demophilus
979 2948 1061 3032 apud
1095 2949 1210 3014 Athen.
1237 2950 1280 3015 VI

137 3060 248 3123 232d:
274 3058 390 3120 ἅπαντα
412 3054 449 3120 τὰ
471 3062 522 3120 τοῦ
548 3058 619 3120 θεοῦ
642 3059 824 3141 ἐξεκόμισαν,
848 3058 939 3122 Diod.
955 3057 1037 3120 XVI
1053 3057 1153 3139 60,2:
1180 3057 1283 3143 φέρειν

135 3166 201 3228 κατ’
217 3163 350 3229 ἐνιαυτὸν
373 3172 415 3251 τῷ
440 3167 502 3251 θεῷ
527 3166 629 3251 φόρον,
653 3167 734 3230 XVI
751 3169 802 3246 28,
817 3169 853 3230 3:
878 3166 1023 3236 ἀξιοῦντες
1046 3162 1113 3235 τοὺς
1126 3161 1284 3240 Βοιωτοὺς

139 3275 261 3360 βοηθεῖν
284 3275 385 3346 αὐτοῖς
408 3273 504 3338 τεκαὶ
527 3284 569 3361 τῷ
587 3276 659 3361 θεῷ,
686 3278 786 3357 28,4:
812 3275 839 3337 οἱ
864 3272 915 3358 μὲν
938 3271 995 3358 γὰρ
1018 3271 1132 3358 ἔκριναν
1159 3276 1286 3361 βοηθεῖν

136 3393 178 3470 τῷ
202 3385 283 3470 θεῷ).
328 3385 452 3450 Deinde
475 3386 663 3469 Kiesslingii
687 3386 867 3449 coniectura
898 3384 971 3464 quic
1000 3384 1035 3446 ιἰο
1062 3404 1096 3447 re
1125 3384 1187 3449 tau·
1219 3406 1284 3452 non

136 3495 212 3559 satis
234 3496 308 3559 facit
330 3497 425 3559 totius
448 3496 509 3558 loci
524 3496 707 3576 sententiae,
729 3494 887 3577 siquidem
903 3492 1079 3577 serupulus,
1101 3512 1197 3576 quem
1221 3501 1285 3562 tra-

138 3602 204 3665 dita
217 3604 309 3665 lectio
327 3605 377 3664 οιιιῖ
394 3605 463 3666 iure
479 3623 516 3666 ac
533 3605 643 3666 merito
662 3604 691 3666 ei
707 3603 867 3683 iniecerat,
891 3621 951 3664 non
969 3601 1109 3665 diluitur.
1145 3601 1285 3669 Ouinam

137 3711 220 3773 enim
245 3711 307 3773 iam
331 3711 463 3776 antehac
489 3712 598 3793 Apollo
622 3711 794 3774 subvenit?
840 3708 874 3772 Si
896 3711 970 3790 puio
994 3710 1172 3792 scribimus,
1201 3712 1286 3777 illud

138 3821 333 3884 enuntiatum
359 3820 467 3884 referri
491 3821 602 3903 nequit
624 3821 684 3882 nisi
715 3819 753 3882 ad
778 3818 965 3882 Euclionem
987 3821 1109 3902 ipsum,
1135 3820 1186 3882 sin
1210 3823 1287 3886 eliis

137 3929 318 3993 hominibus
349 3929 427 3992 deus
456 3930 627 4010 succurrit,
659 3930 870 4012 postulamuS,
902 3933 937 3991 ut
969 3929 999 3991 ei
1032 3927 1138 3991 dativo
1172 3929 1285 4014 aliquo

137 4039 324 4102 indicentur.
370 4036 564 4123 Quapropter
586 4039 689 4103 facere
712 4059 774 4103 non
798 4057 935 4122 possum,
958 4039 1035 4117 quin
1049 4036 1196 4122 Ussingii
1220 4039 1286 4105 lec·

139 4148 256 4210 tionem
278 4146 308 4207 si
330 4148 401 4226 quot
424 4149 586 4232 accipiam.
631 4148 701 4212 Ηοο
724 4150 751 4211 si
774 4153 857 4211 recte
878 4148 975 4228 facio,
1008 4146 1165 4210 sententia
1183 4166 1287 4231 gene·

139 4293 195 4301 —--
222 4293 261 4299 ...-

229 4363 255 4433 *)
275 4363 444 4418 Testimonia
463 4363 574 4432 collegit
593 4363 620 4417 0.
640 4363 828 4431 Wachsmutb,
847 4364 918 4419 Hist.
937 4361 1070 4416 Zeitschr.
1090 4359 1123 4416 X.
1143 4377 1170 4431 p.
1191 4364 1217 4419 5.
