2836 4838
693 291 748 355 45.

142 465 680 552 4114111114144441111141411010.
724 465 792 533 Iam
814 469 922 531 autem
950 464 1027 530 inde
1056 463 1096 531 ab
1122 464 1183 532 hoc
1204 475 1288 533 auno

143 577 248 662 risque
276 576 316 641 ad
338 596 367 640 a.
391 576 455 639 295
488 574 568 639 nihil
590 575 709 640 scimus
738 576 778 640 de
800 574 1057 659 expeditionibus
1079 574 1288 642 Macedonum

142 685 333 769 in'Mpirum
356 683 520 764 factis.**);
537 690 653 768 'quare
676 684 757 748 11411
773 683 973 753 simillimum
1008 688 1055 749 est
1085 666 1288 751 Ambraciam

141 800 199 861 aut
220 798 249 859 4.
263 796 326 859 312
343 797 398 860 411
413 798 505 858 41144
520 802 620 878 reguo
633 791 842 858 Macedonum
857 793 1039 859 adiunctam
1056 804 1152 859 essa
1169 793 1290 872 Quodsi

141 904 306 988 Adelphos
335 903 365 968 ei
387 903 521 986 tempori
542 901 731 986 tribuimus,
761 922 824 988 quo
847 903 1065 968 Ambraciotae
1086 903 1195 988 'usque
1222 905 1289 970 suis

140 1012 270 1097 legibus
295 1010 471 1094 utebantur,
504 1011 588 1076 inter
608 1012 727 1096 primas
749 1009 916 1076 Menandri
937 1012 1059 1076 fabulas
1082 1030 1151 1078 eam
1173 1014 1288 1078 1441411

140 1139 212 1188 esse
245 1120 404 1204 sequitur3
436 1123 530 1204 atque
563 1119 597 1183 id
629 1119 757 1203 quidem
790 1121 938 1184 universa
974 1120 1042 1185 eins
1073 1121 1219 1186 condicio
1257 1127 1289 1189 et

140 1233 367 1315 argumentum
385 1247 448 1292 non
463 1230 508 1293 ita
522 1226 689 1294 artificiose
711 1233 743 1294 41
758 1228 917 1295 subtiliter
931 1230 1145 1314 excogitatum
1163 1232 1289 1300 videtur

140 1338 371 1405 commendare,

228 1447 291 1513 Sed
313 1451 389 1515 sunt
411 1466 492 1532 quae
515 1448 647 1514 obstent
692 1448 774 1513 Nam
796 1449 860 1513 illis
882 1450 962 1531 ipsis
985 1450 1179 1535 temporibus
1195 1452 1287 1519 Auti-

140 1564 247 1642 gonus
269 1578 343 1622 cum
365 1555 508 1623 Asandro
531 1559 628 1623 Asiae
651 1559 780 1622 domino
807 1558 927 1622 bellum
956 1559 1087 1643 gerebat
1109 1562 1288 1647 classesque

139 1686 215 1731 suas
239 1667 407 1751 quotannis
434 1686 490 1752 per
517 1685 604 1731 mare
627 1663 800 1751 Aegaeum
821 1668 854 1731 iu
881 1666 1047 1732 Graeciam
1078 1670 1164 1733 misit
1184 1675 1287 1755 atque

139 1795 167 1839 a.
184 1777 248 1840 314
263 1775 508 1840 Atheniensium
533 1795 659 1860 quoque
678 1776 794 1860 viginti
817 1795 914 1840 naves
929 1775 1084 1841 Lemnum
1108 1777 1288 1844 obsidentes
1405 1799 1408 1808 ·

140 1887 226 1971 cepit
255 1885 356 1966 (Diod.
379 1884 464 1950 XIX
487 1885 548 1967 68).
597 1884 794 1969 Quamquam
827 1891 932 1950 autem
963 1887 1048 1952 cives
1075 1888 1287 1954 Athenienses

139 1994 236 2060 etiam
259 1998 327 2057 tum
348 1993 483 2058 subinde
506 2013 592 2058 mare
615 1997 807 2058 transvectos
839 1999 871 2058 41
898 1995 937 2059 ab
963 1995 1128 2079 Agathone
1152 1997 1286 2062 Asandri

137 2105 236 2168 fratre
267 2108 415 2188 exceptos
453 2121 522 2167 esse
557 2103 669 2167 titulus
702 2104 815 2168 atticus
852 2105 957 2168 docet·
976 2103 1018 2185 (G.
1041 2105 1065 2168 Ι.
1090 2106 1124 2169 Α.
1147 2106 1179 2169 Il
1202 2108 1288 2191 238),

138 2217 246 2277 tamen
280 2212 320 2277 de
349 2212 592 2294 mercatoribus,
626 2212 683 2295 qui
712 2214 885 2278 trienninm
914 2215 948 2278 in
973 2214 1049 2278 Asia
1078 2217 1192 2280 versati
1223 2218 1287 2282 sint

138 2321 319 2405 ingensque
341 2321 464 2384 luorum
479 2320 619 2402 fecerint,
642 2321 853 2384 tantominus
874 2321 966 2384 facile
980 2325 1178 2407 cogitaveris,
1201 2325 1286 2409 quod

139 2428 219 2493 haec
249 2433 332 2493 terra
361 2430 523 2512 perpetuis
544 2429 760 2494 Ptolemaeum
793 2430 876 2493 iuter
904 2435 935 2494 et
957 2431 1139 2496 Asandrum
1166 2435 1286 2517 pugnis

137 2538 218 2602 adeo
240 2538 353 2602 acerbe
369 2541 483 2603 vexata
505 2542 560 2620 est,
584 2538 722 2602 utnulla
742 2535 808 2602 fere
831 2539 900 2602 eius
915 2540 1004 2622 regio
1027 2560 1084 2624 per
1104 2547 1168 2606 tres
1186 2562 1285 2607 annos

124 2665 203 2712 mon
226 2651 309 2712 tacta
336 2667 405 2711 esse
428 2647 579 2712 videatur.
623 2646 716 2711 Pacis
746 2651 886 2732 tempora
914 2653 979 2713 tota
1000 2650 1124 2715 Pinacii
1147 2655 1284 2720 narratio

137 2756 195 2837 (vs.
219 2757 282 2820 375
297 2756 375 2840 sqq.)
398 2761 551 2821 monstrat
573 2761 604 2820 et
625 2756 732 2821 nescio
757 2758 914 2841 quomodo
937 2758 1109 2843 Epignomi
1131 2762 1228 2826 verba
1249 2764 1284 2827 in

136 2885 184 2929 vs.
208 2866 272 2928 402
296 2885 373 2949 sqq,
396 2865 451 2949 qui
475 2867 558 2949 quod
582 2866 687 2934 salvus
711 2866 838 2930 domum
861 2869 1006 2951 revertit,
1039 2870 1114 2934 solis
1136 2869 1284 2956 Neptuno

137 2979 171 3039 et
199 2975 436 3058 tempestatibus
467 2977 586 3059 gratias
616 2976 690 3060 agit.
737 2975 828 3041 Ultra
859 2997 884 3040 a.
909 2979 971 3041 317
1010 2997 1084 3042 vero
1115 2982 1283 3063 procedere

136 3101 231 3147 nemo
254 3082 396 3167 audebit,
429 3084 490 3168 qui·
506 3083 716 3149 Menandrum
746 3085 779 3148 in
811 3086 920 3168 primis
949 3086 1065 3152 fabulis
1087 3089 1283 3155 1141114444-

135 3193 282 3257 moediae
311 3194 480 3275 rationem,
513 3193 597 3277 qnod
630 3194 758 3279 quidem
787 3195 924 3279 pertinet
954 3195 994 3260 ad
1026 3198 1283 3282 perstringendos

134 3306 238 3371 certos
260 3302 413 3382 homines,
437 3303 568 3368 minime
591 3308 791 3388 aspernatum
814 3323 883 3368 esse
906 3305 1171 3372 animadverterit

223 3410 386 3496 Denique,
415 3412 449 3476 id
483 3413 568 3497 qnod
600 3414 717 3478 summi
748 3415 900 3479 momenti
934 3433 1003 3479 esse
1035 3415 1114 3480 mihi
1149 3417 1283 3502 videtur,

134 3521 337 3586 attendamus
360 3542 388 3586 v.
412 3523 492 3585 287:
924 3527 936 3594 j

223 3628 260 3697 Sl
282 3649 339 3696 rec
361 3629 496 3694 obstabit
517 3629 646 3712 obuiam,
670 3649 772 3715 repeat
793 3629 897 3711 absum
914 3629 1011 3710 prins
1030 3634 1212 3713 pervertite.

224 3857 251 3929 *)
269 3858 329 3913 Hoc
357 3858 464 3915 demum
490 3878 561 3916 anno
579 3861 798 3931 Amphilochium
821 3867 849 3918 41
871 3864 1046 3919 Ambraciam
1068 3865 1197 3921 subactas
1220 3881 1282 3923 esse

130 3949 256 4005 fortasse
273 3949 337 4006 inde
357 3952 519 4008 concludere
537 3955 610 4022 licet,
631 3954 705 4022 quod
723 3971 746 4009 4.
768 3959 820 4010 314
837 3955 992 4012 Cassander
1010 3974 1071 4012 cum
1088 3956 1202 4014 foedere
1221 3975 1282 4015 cum

130 4041 325 4096 Acarnanibus
344 4048 426 4111 pacto
446 4043 547 4098 bellum
564 4043 682 4099 inferret
700 4046 815 4113 Aetolis,
840 4063 895 4099 non
914 4062 965 4115 per
983 4048 1202 4117 Amphilochiam
1220 4066 1283 4119 pro-

130 4129 225 4186 fectus
245 4148 305 4188 cum
326 4135 407 4188 sociis
428 4150 458 4188 se
477 4136 627 4203 coniunxit,
647 4152 740 4190 verum
760 4153 793 4190 ex
813 4138 958 4192 Thessalia
975 4139 1004 4192 in
1016 4139 1154 4194 Aetoliam
1172 4141 1281 4212 irrupit.

130 4224 195 4294 Qua
206 4226 251 4281 uia
263 4225 353 4282 frater
366 4228 424 4282 eius
434 4227 579 4296 Philippus
592 4231 678 4282 4313
691 4228 720 4281 in
732 4229 917 4283 Acarnaniam
930 4229 1095 4298 pervenerit,
1114 4230 1280 4299 ignoramus.

224 4317 266 4390 **)
286 4319 361 4374 Unus
372 4320 524 4374 Pausanias
544 4321 691 4375 memoriae
708 4318 832 4389 prodidit
851 4320 931 4390 (111,
941 4321 970 4391 ὅ)
990 4320 1174 4377 Cassandrum
1193 4338 1217 4378 4.
1228 4325 1282 4377 302

130 4396 272 4485 Pyrrhum
290 4428 309 4479 a
324 4427 409 4483 regno
428 4413 575 4485 expulisse.
603 4413 703 4480 ,Aliter
720 4413 886 4478 Plutarchus
904 4414 1002 4489 Pyrrh.
1020 4417 1055 4473 4..
1167 4461 1171 4466 .
