2836 4838
771 216 813 283 68

218 392 410 461 nominatam
439 392 537 459 iuisse
569 398 693 475 censet,
725 394 816 457 nobis
846 412 1046 478 nequaquam
1078 388 1245 476 probatur.
1290 392 1363 459 Satis

218 505 354 588 prolecto
378 505 447 568 leve
469 509 530 585 est,
563 503 644 586 quod
679 503 750 566 leno
781 503 919 585 aGripo
943 524 970 566 v.
995 503 1078 566 1303
1102 503 1300 588 appellatur:
1322 503 1362 567 Di

219 616 246 674 te
274 617 376 674 urticat
413 633 480 675 rura
506 612 617 674 inraso
652 613 768 690 συρέτω
801 611 938 675 hominis
967 613 1133 675 caesariati
1172 632 1251 677 cum
1282 614 1364 678 stella

219 721 332 785 crinita
355 721 544 805 comparatio
572 739 612 784 ne
635 740 781 784 romanos
805 722 933 805 quidem
957 726 1147 807 spectatores
1179 741 1248 785 non
1281 724 1363 787 valde

219 832 373 895 oblectare
397 831 507 915 potuit,
536 850 598 893 uon
623 828 809 914 igiturest,
838 852 893 896 cur
911 829 1063 914 'Diphilus
1084 850 1156 895 eam
1178 835 1364 916 praeterisse

220 945 362 1024 putetur3
393 940 531 1022 denique
562 939 665 1021 ipsum
696 941 774 1003 illud
802 936 890 1022 ilipa
912 939 1044 1002 minime
1074 942 1231 1005 convenit
1255 942 1366 1024 vidulo,

219 1069 313 1134 quem
337 1050 512 1133 piscatore
535 1049 614 1110 mari
637 1049 796 1130 extrahata
830 1068 900 1112 nam
935 1069 1027 1132 perae
1050 1055 1192 1113 scorteae
1219 1056 1312 1114 eraut
1339 1059 1366 1116 et

219 1156 421 1220 aviatoribus
432 1156 663 1220 adhibebantur
676 1158 773 1220 victui
785 1158 988 1239 adservanda,
1011 1157 1139 1221 vidulus
1158 1176 1238 1221 vero
1257 1179 1366 1243 graece

220 1271 267 1330 est
288 1265 425 1349 κιβώτιον
450 1266 499 1329 vel
521 1263 616 1347 κίστη.
663 1265 788 1329 Nollem
812 1271 915 1330 autem
940 1264 1116 1330 Schoellius
1140 1268 1306 1333 attulisset
1327 1289 1366 1332 vs.

221 1376 282 1437 547
306 1394 350 1457 sq.
374 1379 405 1437 et
431 1374 523 1448 1313,
549 1393 682 1457 quorum
706 1373 752 1436 illi
776 1374 990 1457 marsuppium
1021 1375 1054 1436 iu
1078 1373 1275 1441 Charmidae
1298 1397 1365 1463 pem
1406 1432 1408 1465 ;

220 1483 317 1546 fuisse
341 1483 462 1561 docent,
486 1482 538 1545 hic
561 1488 592 1545 et
608 1481 935 1566 soquentesLabracis
951 1485 1168 1567 marsuppium
1183 1487 1365 1568 pasceolum
1404 1488 1408 1563 “,

220 1592 395 1655 cruminam
419 1591 604 1654 cantharum
627 1591 689 1654 alia
712 1592 745 1653 in
770 1591 884 1654 vidulo

307 1698 354 1762 De
384 1699 497 1762 ceteris
520 1699 625 1762 Plauti
656 1700 771 1763 fabulis
797 1701 919 1763 firmam
950 1701 1138 1765 senteutiam
1172 1724 1239 1786 quo
1264 1705 1364 1769 miuus

221 1808 377 1891 possimus
400 1808 553 1891 proferro,
584 1808 717 1891 impedit
749 1809 1000 1873 testimoniorum
1034 1811 1176 1893 penuria.
1222 1796 1364 1878 Primum

220 1935 408 2000 quaeramus
432 1916 470 1979 de

221 2085 569 2169 Mostellaria.

307 2243 357 2306 Ex
381 2243 575 2306 Philemonis
599 2241 766 2305 Phasmate
797 2260 865 2306 earn
894 2260 1076 2327 expressam
1107 2262 1177 2309 esso
1208 2253 1282 2330 post
1302 2246 1363 2312 Rit-

222 2353 375 2417 schelium
406 2353 513 2416 docuit
535 2351 598 2415 Leo
627 2352 659 2413 in
684 2351 820 2415 Hermae
850 2352 909 2415 vol.
934 2351 1048 2416 XVIII
1070 2373 1097 2436 p.
1122 2354 1195 2418 561.
1243 2357 1363 2421 Deinde

223 2482 331 2527 ansam
354 2462 504 2546 praebent
525 2461 690 2524 Traniouis
713 2461 808 2524 verba
833 2481 860 2522 v.
886 2463 966 2524 775;

353 2571 573 2635 Alexandrum
588 2570 745 2650 Illupauur
767 2576 858 2650 utque
872 2569 1071 2651 Aputhoclcru
1094 2571 1364 2640 narratiunculam

352 2677 426 2742 Duo
449 2698 499 2741 res
519 2678 662 2758 pessime,

224 2804 305 2869 quae
329 2804 440 2869 nempe
464 2790 568 2869 aperte
592 2791 766 2849 monstrant
791 2787 995 2869 Agathoclem
1018 2792 1177 2852 mortuum
1203 2808 1284 2872 esse,
1315 2811 1364 2856 ue·

224 2915 285 2979 que
308 2896 393 2958 euim
417 2896 455 2957 da
479 2897 548 2958 eius
571 2897 603 2957 iu
628 2897 768 2958 Africam
792 2897 934 2978 transitu,
959 2902 992 2959 ut
1015 2898 1047 2958 iu
1070 2894 1239 2980 Pseudolo,
1268 2897 1390 2984 potest¹

224 3005 365 3088 cogitari,
389 3005 536 3087 quoniam
560 3004 673 3067 Tranio
697 3005 799 3067 addit:

527 3113 603 3193 quid
626 3112 703 3175 ailla
724 3114 777 3192 fici
800 3113 898 3192 tertio,

356 3222 416 3302 Qui
438 3222 522 3285 solua
542 3223 625 3304 sterio
646 3224 791 3302 faciliora
815 3222 1034 3286 irarrrrortull'u?

225 3333 245 3397 i.
261 3353 286 3397 e.
309 3333 493 3397 Alexander
515 3333 652 3417 Magnus
675 3339 706 3396 et
722 3334 912 3416 Agathocles
936 3334 1090 3397 maximas
1113 3339 1208 3417 atque
1232 3336 1367 3401 clarissi-

225 3461 291 3506 mas
323 3461 372 3505 res
403 3447 583 3525 gesserunt,
614 3442 806 3505 immortales
836 3461 895 3525 ego
925 3442 1011 3505 solus
1042 3441 1177 3525 perficio,
1232 3441 1367 3510 Phasma

224 3554 324 3637 igitur
353 3552 469 3634 scripta
507 3556 554 3614 ost
584 3557 652 3634 post
683 3572 709 3615 a.
736 3553 816 3622 289,
852 3571 989 3633 quocum
1018 3551 1181 3634 congruit,
1210 3553 1299 3634 quod
1335 3555 1366 3617 iu

226 3682 254 3724 v.
279 3663 361 3723 1149
385 3661 559 3723 rectissime
582 3682 600 3724 a
623 3660 727 3725 Leone
751 3661 915 3724 emendato
940 3660 1082 3723 Philemo
1115 3678 1176 3752 non
1200 3658 1368 3726 Menandri

224 3775 292 3833 tum
316 3768 464 3851 defuncti,
488 3788 596 3831 verum
616 3767 736 3852 Diphili
760 3770 950 3833 mentionem
974 3769 1049 3831 facit
1072 3768 1274 3851 (quamquam
1301 3771 1368 3834 eius

225 3880 271 3942 rei
306 3877 386 3941 aliae
419 3897 532 3941 causae
567 3880 742 3962 excogitari
781 3879 920 3962 queunt).
981 3876 1088 3940 Potuit
1121 3876 1228 3940 fabula
1262 3878 1369 3944 doceri

225 4008 253 4053 a.
278 3989 341 4050 288
365 3992 395 4050 et
419 3988 480 4049 287
491 4037 498 4069 ‚
531 3985 663 4069 deinde,
695 3985 852 4066 siquidem
886 3986 959 4048 inde
991 3985 1029 4048 ab
1052 4005 1078 4047 a.
1103 3985 1163 4048 287
1198 4006 1299 4070 usque
1330 3987 1368 4053 ad

226 4117 251 4159 a.
276 4097 338 4158 283
363 4095 575 4162 Athenienses
598 4113 670 4158 cum
695 4095 853 4178 Antigono
877 4093 994 4156 bellum
1018 4092 1178 4177 gerebant
1201 4113 1227 4158 a.
1252 4096 1317 4159 280
1342 4100 1373 4160 et

226 4206 289 4268 279
314 4209 345 4268 et
367 4211 474 4288 postea
497 4225 598 4289 usque
628 4206 666 4268 ad
690 4203 811 4287 Diphili
834 4208 981 4283 mortem,
1010 4202 1101 4266 errius
1132 4207 1256 4289 tempus
1278 4205 1372 4291 igno·

225 4333 340 4378 ramus
