2836 4838
612 248 651 311 51

52 419 171 504 Polyb„
196 419 309 488 XVIII
331 422 382 504 41,
398 423 437 505 8,
479 422 519 486 ad
552 442 647 507 quem
678 424 783 488 locum
812 426 995 508 provocavit
1026 425 1204 499 Belochius.

54 529 213 594 Videmus
243 531 344 615 igitur
382 549 492 594 omues
521 536 643 596 veteres
674 537 817 597 auctores
848 534 931 597 inter
962 553 996 598 se
1028 536 1205 599 consentire

54 638 232 704 Hieronem
254 661 281 704 a.
304 641 367 703 275
395 641 564 723 imperium
587 639 814 722 Syracusarum
845 643 1028 708 obtinuisse.
1074 644 1208 709 Confioit

54 767 125 812 rem
150 748 295 831 Zonaras,
319 750 374 832 qui
397 748 485 830 VIII,
502 749 520 811 6
545 768 618 813 euru
632 749 846 815 Romanorum
871 753 1033 817 consulem
1046 753 1204 838 Rhegium

57 863 295 941 oppugnantem
319 859 360 942 (a.
375 858 449 925 ann
472 859 629 922 frumento
652 864 683 923 et
705 861 803 944 copiis
819 860 979 925 adiuvisse
995 862 1095 945 docet,
1116 863 1208 926 cuius

56 967 98 1029 de
118 966 182 1029 fide
198 966 395 1031 dubitantem
410 967 607 1050 Belochium,
630 988 703 1032 cnm
725 974 912 1053 argumenta
935 970 1092 1036 addiderit
1111 972 1207 1056 nulla,

56 1093 123 1138 nou
145 1074 235 1142 iuvat
257 1075 400 1159 pluribus
422 1074 582 1157 refellere3
615 1076 649 1140 id
673 1096 772 1141 uuum
795 1077 916 1142 affirmo
939 1078 1079 1160 Zonarae
1101 1081 1207 1144 locum

56 1185 176 1268 optime
209 1185 379 1249 convenire
411 1183 562 1249 Hlarouis
596 1186 737 1249 consihis
773 1187 820 1266 (cf.
855 1186 965 1268 Polyb.
989 1187 1104 1271 Iul:
1148 1187 1206 1258 ἕως

58 1285 113 1372 μὲν
147 1294 332 1375 συνεχρῶντο
367 1295 407 1375 τῇ
439 1295 497 1352 τῶν
528 1285 695 1373 Ῥωμαίων
736 1290 892 1378 συμμαχίορ
923 1297 981 1355 τῶν
1017 1290 1048 1356 τδ
1079 1289 1206 1378 Ῥήγιον

54 1398 294 1484 κατασχόντων).

147 1499 235 1574 Haec
257 1529 313 1593 pro
335 1509 539 1573 fundamento
563 1510 593 1573 ei
609 1509 753 1574 habenda
765 1514 846 1593 sunt
870 1512 925 1595 qui
942 1512 1104 1577 historiam
1118 1513 1206 1578 illius

57 1619 171 1683 aetatis
200 1617 413 1684 illustraturus
443 1623 500 1683 est.
547 1617 744 1702 Quamquam
768 1621 905 1684 concedo
928 1622 1011 1686 iuter
1033 1623 1145 1706 proehi
1167 1623 1207 1688 ad

58 1726 248 1813 Longanum
271 1728 431 1793 flumana.
446 1729 508 1792 270
521 1728 681 1792 commissi
697 1733 728 1792 et
743 1729 837 1813 primi
851 1728 926 1793 belli
937 1728 1054 1795 Punici
1069 1731 1207 1816 descrip

57 1837 177 1902 tionem
201 1842 233 1903 et
255 1838 339 1921 apud
354 1836 524 1920 Polybium
547 1842 579 1902 et
593 1837 676 1921 apud
687 1835 863 1903 Diodorum
878 1838 1024 1903 lacunam
1040 1860 1207 1924 apparere;

58 1943 216 2008 tamensi
239 1942 393 2008 Gerckius
416 1947 592 2026 temporum
614 1942 757 2006 ordinem
779 1947 864 2006 recte
887 1944 1057 2027 constituit,
1080 1951 1206 2011 tantun-

57 2052 133 2117 dem
155 2071 311 2117 annorum
341 2054 490 2137 spatium,
521 2053 588 2116 scil.
610 2052 687 2116 inde
710 2072 729 2116 a
750 2051 865 2133 Pyrrhi
888 2072 929 2117 ex
952 2053 1061 2119 Siciha
1082 2075 1209 2120 recessu

58 2180 161 2245 usque
194 2161 234 2226 ad
267 2182 293 2227 a.
316 2163 399 2245 270,
430 2162 469 2226 ab
503 2161 662 2225 historicis
691 2162 948 2242 praetermissum
980 2182 1048 2228 esse
1079 2182 1208 2229 censere

58 2272 213 2356 cogimur.
257 2269 314 2335 Sin
337 2290 411 2336 vero
435 2271 635 2335 difficultates
659 2272 842 2336 etiamtum
867 2278 1039 2356 remanent,
1069 2293 1206 2358 quonam

57 2380 129 2445 iure
163 2381 298 2445 alterum
328 2379 456 2461 Polybii
490 2380 725 2463 testimoninm,
766 2380 890 2443 etiamsi
922 2386 957 2444 ut
989 2380 1143 2445 Gerohius
1178 2387 1209 2446 et

60 2488 233 2554 Belochius
247 2490 390 2554 feceruut
407 2489 633 2572 interpreteris,
655 2488 730 2553 licet
751 2508 933 2573 agnoscere,
954 2489 1088 2554 alterum
1110 2491 1208 2576 idque

56 2603 104 2663 tot
126 2604 348 2683 tantorumque
372 2603 513 2663 veterum
538 2599 725 2682 scriptorum
743 2599 927 2663 auctoritate
950 2599 1123 2664 stabilitum
1146 2602 1205 2664 im·

57 2705 215 2790 probare?
259 2706 393 2770 Accedit
426 2705 522 2770 aliud.
579 2704 714 2786 Polybio
748 2709 826 2769 teste
859 2704 959 2769 Hiero
1000 2707 1131 2771 victoria
1168 2707 1208 2773 de

57 2815 258 2880 Mamertinis
290 2819 446 2899 reportata
480 2834 506 2879 a.
541 2816 603 2877 270
637 2813 809 2896 Syracusas
845 2814 924 2879 abiit
957 2851 997 2862 -
1032 2817 1078 2880 sio
1112 2817 1208 2882 etlam

57 2923 220 2989 Diodorus
242 2924 343 2988 XXII
359 2926 443 3007 13,9
467 2961 508 2971 -
533 2929 565 2988 et
593 2924 632 2988 ab
665 2925 812 2989 omnibus
838 2926 933 2989 sociis
955 2943 1013 2989 rex
1035 2926 1209 3010 appellatus

59 3038 116 3117 est,
139 3032 321 3098 Mamertini
343 3039 449 3098 autem
478 3033 618 3118 andrapon
650 3029 700 3118 μὲν
734 3031 925 3118 ἐστερημένοι
954 3039 1007 3118 τῆς
1039 3034 1208 3120 ἐπικουρίας

58 3147 113 3226 τῆς
147 3140 182 3202 ἐκ
216 3144 268 3204 τοῦ
296 3137 441 3225 Ῥηγίου,
482 3141 549 3204 τότε
573 3138 606 3203 δὲ
627 3143 687 3213 τοῖς
718 3140 802 3212 ἰδίοις
837 3141 1005 3226 πράγμασιν
1037 3143 1207 3216 ἐπταικότες

59 3250 232 3336 ὁλοσχερῶς
266 3251 293 3313 ol
333 3248 385 3335 μὲν
426 3249 473 3314 ἐπὶ
507 3249 736 3336 Καρχηδονίους
775 3250 960 3337 κατέφευγον
1002 3250 1052 3317 καὶ
1095 3253 1208 3326 τούτοις

58 3359 240 3445 ἐνεχείριζον
268 3363 347 3445 σφᾶς
379 3356 486 3432 αὐτοὺς
516 3357 567 3423 καί
597 3359 650 3444 τὴν
680 3358 787 3445 ἄκραν,
820 3361 847 3424 ol
878 3358 911 3423 δὲ
941 3359 1013 3446 πρὸς
1032 3358 1208 3447 Ῥωμαίους

58 3469 240 3556 ἐπρέσβευον
262 3471 475 3555 παραδιδόντες
497 3469 549 3553 τὴν
575 3471 659 3533 πόλιν
690 3470 751 3536 κτέ.
796 3471 860 3535 Gur
889 3473 990 3556 igitur
1016 3474 1137 3557 legatos
1166 3475 1206 3538 ad

58 3579 220 3644 Romanos
241 3579 394 3644 mittunt?
416 3578 559 3644 Forsitan
583 3584 669 3644 ntea
691 3579 814 3663 oppida,
838 3598 919 3664 quae
941 3580 1040 3645 Hiero
1064 3581 1126 3645 sibi
1149 3582 1208 3646 eri-

57 3688 145 3773 puit,
174 3689 384 3773 recuperent?
428 3690 472 3753 At
503 3709 591 3754 suam
623 3690 763 3772 ipsorum
796 3688 907 3753 urbem
936 3691 1031 3755 sociis
1061 3691 1206 3756 tradituri

58 3803 142 3864 sunt.
187 3799 236 3862 An
260 3799 584 3864 suaesalntIsoausaP
607 3799 651 3862 At
665 3818 729 3862 nou
745 3798 937 3864 obsidentur.
982 3798 1066 3876 Quid
1082 3801 1207 3884 igitur?

58 3905 201 3972 Videsne
233 3906 361 3988 Polybii
404 3906 616 3970 narrationem
658 3906 758 3990 ipsam
799 3907 833 3969 in
867 3925 901 3970 se
937 3912 1043 3990 aperta
1075 3908 1207 3971 lacunae

58 4015 197 4100 vestigia
228 4015 417 4099 complecti?
449 4013 580 4098 Legatio
609 4016 692 4078 mitti
724 4034 787 4078 non
817 4015 936 4098 potnit,
968 4016 1031 4078 nisi
1060 4014 1206 4079 Messana

57 4146 79 4191 a
102 4123 309 4206 Syracusanis
340 4125 528 4209 gravissime
559 4125 793 4208 opprimebatur
816 4143 875 4188 nec
897 4124 962 4189 ulla
985 4124 1121 4189 obsessis
1144 4126 1207 4190 alia

56 4252 132 4318 spos
150 4233 260 4298 salutis
274 4233 384 4298 relicta
399 4238 472 4296 erat.
515 4233 655 4297 Tertium
670 4234 770 4316 igitur
784 4232 934 4296 HIeronis
950 4238 1058 4297 contra
1072 4233 1206 4299 Mamer-

55 4345 144 4411 tinos
166 4343 286 4409 bellum
308 4343 510 4409 statuendum
533 4347 580 4408 est
603 4344 652 4423 (of.
677 4343 771 4408 etiam
794 4340 959 4430 Holmius,
988 4341 1099 4421 Ge'sch.
1123 4342 1208 4410 Sizil.
