2836 4838
703 282 722 343 9

134 459 185 521 vel
209 463 373 541 propterea
395 455 576 520 comoediae
597 456 742 539 palliatae
758 455 874 518 milites
896 455 988 519 facile
1002 454 1118 518 referas
1141 454 1180 518 ad
1203 455 1281 519 haec

134 573 284 650 tempora.
330 566 464 629 Accedit
493 566 578 629 aliud
610 566 708 648 idque
730 566 963 648 gravissimum.
1009 563 1121 627 Militis
1144 563 1281 627 Cloriosi

133 675 301 739 Plautinae
332 674 513 758 exemplum
542 675 672 736 atticum
705 671 842 741 Ἀλαζὼν
874 673 1164 755 inscriptum-erat.
1208 671 1279 735 Hoc

133 790 200 847 tum
226 785 353 847 demum
377 784 447 846 fieri
468 783 617 865 potuisse,
647 803 718 845 cum
744 802 825 845 vana
847 783 1012 845 ostentatio
1036 782 1174 845 solorum
1196 780 1279 844 mili·

134 898 201 956 tum
226 893 350 976 propria
372 891 548 972 haberetur,
571 892 643 973 quis
666 896 714 954 est
737 892 791 973 qui
814 890 990 953 infitietur?
1036 891 1132 973 Atqui
1156 908 1193 954 ea
1211 890 1279 952 'vir-

133 1005 201 1063 tute
224 1001 256 1062 iu
281 1001 410 1083 antiqua
434 1000 596 1063 comoedia
618 1001 786 1083 praecipue
809 1000 966 1082 sophistae
990 999 1160 1082 demagogi
1192 1005 1279 1063 vates

134 1114 261 1192 poetae,
293 1109 326 1170 in
358 1109 461 1171 media
490 1109 600 1191 coqui,
633 1108 750 1172 milites
780 1109 813 1170 in
839 1113 950 1171 neutra
973 1126 1080 1171 earum
1113 1108 1279 1190 mairam,

133 1222 243 1280 contra
272 1218 304 1278 in
329 1236 412 1279 nova
433 1216 498 1279 sola
520 1215 684 1298 imprimis·
699 1216 843 1298 insignes
866 1215 1127 1298 depingebantur.
1173 1213 1277 1291 Quare

133 1332 254 1390 ceteros
278 1347 403 1410 quoque
426 1326 532 1389 Plauti
552 1325 686 1402 militer,
721 1331 825 1408 utpote
858 1326 913 1408 qui
935 1325 1027 1408 plane
1050 1325 1193 1389 eiusdem
1215 1326 1280 1388 sint

131 1437 261 1519 generis
284 1441 378 1518 atque
401 1435 680 1518 Pyrgopolynices,
708 1455 807 1498 novae
831 1435 1011 1498 comoediae
1034 1435 1191 1499 ascribere
1213 1454 1278 1498 non

134 1544 358 1608 dubitabimus.
412 1547 517 1627 Atque
551 1542 688 1626 profecto
724 1544 869 1607 videmus
903 1546 1009 1606 omnia
1042 1564 1123 1626 quae
1156 1543 1197 1608 ab
1231 1546 1278 1608 eis

133 1657 290 1718 iactantur
319 1653 458 1737 Philippi
487 1652 695 1717 Macedonum
728 1653 814 1737 regis
847 1660 987 1736 tempora
1022 1653 1184 1717 excedere.
1228 1652 1276 1718 De

133 1763 270 1845 singulis
293 1763 375 1825 infra
396 1782 447 1826 res
470 1762 546 1838 erit,
581 1762 632 1825 hic
656 1782 753 1825 unum
777 1781 905 1825 monere
928 1762 1028 1825 liceat.
1074 1761 1110 1823 ln
1134 1761 1277 1825 Poenulo

135 1874 174 1952 (v.
200 1874 263 1935 470
287 1872 367 1955 sqq.)
392 1871 640 1935 Antamoenides
662 1873 830 1953 sexaginta
862 1870 949 1934 milia
979 1870 1142 1933 hominum
1167 1870 1277 1933 volati-

133 2001 243 2046 corum
266 1981 420 2064 gloriatur
449 1999 483 2043 se
514 1982 581 2043 suis
604 1982 744 2064 ipsorum
767 1981 879 2062 pennis
903 1980 1113 2043 obtruncasse.
1157 1979 1227 2043 Hoc
1249 1980 1277 2043 si

134 2111 161 2155 e.
186 2111 210 2154 c.
233 2089 430 2172 Antiphanes
454 2089 614 2170 finxisset,
646 2091 716 2152 iure
744 2090 813 2153 sine
846 2088 942 2152 dubio
967 2093 1095 2151 vocatus
1125 2091 1208 2151 esset
1229 2089 1278 2150 in-

131 2193 246 2278 salsus,
268 2199 365 2260 immo
388 2197 449 2260 tale
472 2197 672 2261 mendacium
696 2218 756 2262 uon
782 2199 883 2282 potuit
912 2217 985 2261 vere
1007 2196 1177 2261 ridiculum
1200 2217 1278 2281 esse,

133 2307 195 2368 nisi
218 2325 290 2369 cum
314 2325 415 2369 novae
430 2306 593 2389 pugnandi
616 2309 754 2371 rationes
770 2308 916 2371 inventae
933 2311 1030 2387 erant,
1052 2325 1150 2368 novas
1172 2311 1280 2370 contra

134 2415 252 2495 beluas,
275 2415 464 2499 elephantos,
487 2416 701 2479 dimicandum
723 2419 834 2496 fuerat,
857 2435 939 2478 nova
963 2415 1128 2477 hominum
1151 2432 1278 2496 genera,

133 2525 319 2605 Amazones
342 2525 375 2585 in
399 2525 538 2587 historiis
561 2526 657 2608 vulgo
681 2527 816 2588 narratis
839 2523 1033 2587 circumferri
1049 2527 1158 2605 coepta
1180 2526 1277 2586 erant.

220 2630 281 2696 Sed
316 2634 393 2695 haec
426 2634 586 2697 hactenus.
634 2633 713 2696 Cum
745 2633 855 2695 militis
884 2651 1018 2715 persona
1047 2651 1276 2715 nonnunquam

133 2718 302 2804 coniuncta
325 2748 372 2804 est
394 2743 537 2824 parasiti,
568 2747 663 2825 atque
686 2741 767 2804 hanc
791 2761 884 2804 unam
910 2741 1116 2824 parasitorum
1139 2741 1276 2824 speciem

132 2851 231 2913 solius
255 2870 354 2914 novae
378 2851 559 2914 comoediae
581 2853 738 2935 propriam
762 2869 830 2914 esse
853 2851 954 2914 ausim
978 2850 1142 2914 affirmare.
1177 2849 1277 2914 Testis

132 2964 181 3023 est
196 2959 369 3024 Menander
391 2961 468 3044 ipse,
491 2961 582 3024 cuius
606 2980 646 3024 ex
662 2960 773 3024 Colace
790 2961 900 3023 militis
924 2965 955 3023 et
976 2960 1103 3043 parasiti
1127 2979 1276 3043 personas

130 3070 296 3134 Terentius
319 3071 352 3131 in
376 3069 566 3133 Eunuchum
589 3090 679 3134 suam
705 3070 830 3152 reecpit.
874 3069 923 3131 lbi
947 3069 1031 3132 enim
1048 3068 1171 3132 Gnatho
1194 3073 1277 3151 post-

131 3200 228 3263 quam
251 3179 467 3242 condicionem
492 3199 581 3243 suam
597 3179 789 3243 luculentam
807 3179 1006 3263 praedicavit,
1030 3178 1107 3240 dicit
1130 3178 1169 3258 (v.
1184 3179 1274 3257 248):

379 3307 431 3367 cpe
455 3288 530 3351 ndco
552 3288 633 3351 laurac
651 3288 777 3367 primas
799 3287 908 3349 elavem·
930 3286 1023 3366 cinna,

131 3416 213 3481 quae
244 3397 339 3460 verba
371 3416 432 3475 non
463 3396 555 3460 aliter
577 3398 731 3480 explicari
755 3401 885 3479 possunt
916 3395 979 3458 nisi
1009 3400 1044 3458 ut
1065 3393 1276 3459 Menandrum

131 3507 268 3591 primurn
304 3507 404 3589 prima
445 3505 478 3566 in
514 3503 625 3568 Colace
657 3506 829 3588 parasitum
864 3505 1080 3568 adsentantem
1118 3523 1275 3587 suumque

130 3621 297 3700 patronum
321 3619 573 3680 contemnentem
597 3615 734 3698 glorioso
767 3634 839 3677 cum
863 3615 964 3677 milite
986 3615 1192 3678 coniunxisse
1215 3619 1276 3678 sta-

129 3729 243 3790 tuatur.
279 3723 372 3788 Unde
386 3725 611 3788 concludamus
627 3729 748 3809 oportet
759 3723 949 3787 Eunuchum
963 3722 1129 3788 Menandri
1145 3759 1186 3768 -
1201 3744 1275 3788 nam

128 3833 163 3894 iu
187 3850 224 3894 ea
240 3852 365 3915 quoque
383 3838 547 3916 utramque
562 3852 726 3916 personam
750 3833 847 3896 luisse
868 3832 952 3895 inter
968 3852 1076 3896 omnes
1092 3835 1214 3894 constat
1226 3868 1277 3913 —,

129 3939 421 4024 Disexapatontem,
437 3941 609 4005 Alazonem
622 3947 692 4026 post
704 3940 848 4005 Colacem
862 3942 1053 4023 conscriptas
1065 3958 1142 4004 esse.
1176 3938 1276 4003 Aliud

130 4068 257 4131 qnoque
279 4049 487 4131 parasitorum
511 4070 613 4132 genus
637 4050 830 4114 Ribbeckius
854 4049 984 4131 (Kolax,
1013 4050 1094 4112 Abh.
1125 4049 1153 4112 d.
1177 4048 1275 4114 sticho.

129 4157 201 4220 (ies.
226 4159 319 4239 1884,
343 4178 370 4241 p.
396 4158 447 4237 19)
470 4157 529 4220 soli
551 4177 651 4221 novae
674 4160 855 4223 comoediae
879 4159 1032 4242 ascripsit,
1064 4178 1134 4222 cum
1157 4160 1274 4224 iratum

128 4272 225 4349 atque
249 4266 421 4329 ulciscendi
444 4266 594 4350 cupidum
618 4267 789 4350 parasitum
820 4288 838 4331 a
860 4266 988 4351 Diphilo
1011 4267 1177 4332 inventum
1207 4287 1275 4332 esse

130 4374 263 4439 censuit
308 4374 350 4437 Ni
372 4374 484 4460 fallor2
511 4377 606 4439 nimis
629 4375 786 4440 audacter.
832 4376 912 4440 Nam
936 4396 1009 4440 cum
1043 4377 1120 4442 haec
1141 4396 1276 4462 persona
