2836 4838
684 260 751 343 ’ἰδ’

132 453 374 539 suppositicium
398 453 455 535 sit,
484 453 580 515 nimis
612 452 823 536 periculosum
854 456 917 531 est;
948 451 1020 517 leno
1052 453 1084 516 in
1108 453 1279 518 comoediis

132 583 258 647 semper
287 564 370 626 male
393 556 558 643 tractatur,
588 561 712 625 etiamsi
741 561 822 624 nihil
845 561 994 645 deliquit,
1025 566 1059 626 ut
1089 563 1121 625 in
1146 562 1280 626 Poenuli
1326 614 1331 623 .

131 674 238 758 priore
261 678 357 756 parte,
388 671 497 734 itidem
521 671 591 734 leuo
615 669 698 753 apud
721 669 880 734 Herodam
905 671 1089 749 (mimiamb.
1113 671 1144 750 2)
1168 672 1281 735 metuit

130 801 173 844 ne
196 800 323 844 causam
346 780 462 864 perdat.
507 779 577 843 Non
610 780 682 862 plus
706 779 803 861 valet,
833 780 918 862 quod
945 777 1147 860 Chrysopolis
1170 780 1280 843 fictum

131 909 248 953 nomen
273 895 320 953 est
341 894 373 952 et
388 889 602 972 excogitatum
626 888 664 952 ad
690 889 818 952 divitias
842 887 929 952 urbis
944 889 1162 967 illustrandas3
1192 909 1282 952 nam·

131 1018 196 1082 que
225 1000 284 1062 hoc
316 1004 348 1063 et
370 1000 484 1063 atticus
516 1003 546 1061 et
568 1018 717 1062 romanus
748 1004 839 1082 poeta
868 999 971 1062 facere
994 998 1112 1083 potuit,
1145 1005 1177 1063 et
1207 998 1282 1061 licet

130 1107 185 1170 hie
207 1107 330 1189 fecerit,
367 1126 430 1170 non
460 1106 532 1170 ideo
564 1112 627 1170 tota
649 1112 757 1171 contra
781 1105 899 1172 Arabes
922 1108 1082 1190 expeditio
1105 1108 1281 1172 necessario

130 1215 173 1278 ad
198 1216 334 1279 eundem
368 1216 478 1279 referri
513 1215 613 1278 debet
659 1215 795 1279 Gravius
830 1216 916 1279 aliud
940 1222 1039 1299 putes.
1086 1216 1170 1280 Num
1194 1218 1280 1280 enim

130 1329 378 1388 consentaneum
396 1325 521 1388 videtur
536 1325 682 1388 lenonem
700 1325 857 1408 virginem
875 1327 1047 1407 ingenuam
1072 1331 1103 1389 et
1118 1327 1280 1391 liberalem

130 1429 216 1493 bello
240 1435 361 1514 captam
379 1432 574 1494 meretricem
597 1431 753 1494 facturum
777 1431 871 1494 esse?
909 1430 1075 1514 Nusquam
1099 1433 1131 1494 in
1153 1432 1281 1515 palliata

130 1539 296 1603 comoedia
319 1540 499 1603 meretrices
515 1545 710 1622 comparent,
734 1558 814 1622 quae
836 1540 978 1622 captivae
1001 1541 1162 1624 coeperint
1183 1559 1281 1621 quae·

131 1654 217 1714 stum
231 1667 359 1733 corpore
374 1650 487 1725 facere,
504 1667 613 1713 verum
631 1667 754 1731 semper
776 1653 830 1712 aut
853 1668 871 1711 a
886 1648 1098 1731 praedonibus
1114 1655 1221 1730 raptae
1246 1655 1281 1715 ut

130 1759 167 1820 in
190 1756 336 1821 Rudente
359 1757 501 1821 Poenulo
526 1755 718 1821 Curculione
741 1756 895 1820 Eunucho
918 1762 974 1820 aut
996 1758 1157 1840 expositae
1181 1763 1216 1822 ut
1245 1760 1280 1822 in

132 1865 311 1930 Cistellaria
334 1872 365 1930 et
380 1866 747 1930 Heautontimorumeno.
781 1866 898 1930 Tamen
921 1866 960 1929 ob
986 1867 1068 1930 hauc
1089 1878 1215 1932 causam
1240 1869 1279 1932 de

132 1975 257 2058 captiva
291 1975 421 2058 ‘virgine
452 1974 597 2038 dubitare
635 1994 699 2037 non
732 1977 852 2056 ausim,
883 1975 1041 2058 siquidem
1074 1978 1201 2040 vendita
1240 1997 1280 2041 ne

131 2083 286 2146 meretrix
307 2083 378 2163 fiat,
409 2088 536 2146 cautum
568 2089 615 2147 est
643 2089 779 2166 epatre.
825 2084 916 2147 Hanc
946 2103 980 2148 re
1010 2103 1083 2148 vera
1107 2087 1280 2170 exemplari

131 2191 306 2255 adhibitam
338 2192 436 2255 fuisse
466 2191 540 2255 inde
563 2193 692 2255 forsitan
717 2193 925 2274 concluseris,
957 2194 1040 2276 quod
1070 2194 1186 2256 furtiva
1214 2200 1280 2258 arte
1369 2208 1373 2213 '

130 2301 278 2364 cohaeret
311 2321 383 2364 cum
408 2303 565 2384 emptione
588 2302 656 2366 sine
679 2303 846 2386 mancupio
875 2303 970 2384 faeta,
1005 2322 1099 2385 quam
1135 2322 1207 2366 cum
1239 2304 1279 2367 ad

131 2408 184 2470 ius
206 2425 371 2468 romanum
395 2411 513 2488 spectet
545 2406 697 2470 aPlauto
720 2407 858 2470 additam
890 2426 958 2470 esse
981 2412 1109 2471 constat
1155 2407 1216 2472 Sed
1240 2427 1280 2472 ne

131 2514 208 2577 inde
232 2515 360 2598 quidem
392 2534 447 2598 per
479 2534 513 2578 se
536 2516 611 2578 certi
637 2517 807 2599 quicquam
839 2515 947 2598 colligi
981 2521 1096 2600 potest,
1129 2520 1279 2600 quoniam

132 2628 224 2708 poeta
247 2623 367 2686 Umber
396 2624 560 2707 scrupulos
589 2623 694 2687 lenoni
720 2630 845 2708 propter
873 2625 1022 2689 furtivam
1047 2627 1182 2709 puellam
1215 2629 1286 2691 iam'

133 2737 167 2797 in
182 2734 278 2797 attico
295 2733 468 2816 exemplari
491 2738 574 2796 ortos
598 2752 716 2816 augere
732 2739 852 2817 poterat
874 2754 931 2797 suo
949 2735 1085 2798 invento.
1119 2735 1279 2800 Nimirum

133 2847 242 2905 contra
265 2841 408 2905 attuleris
431 2841 643 2905 dubitationes
666 2841 795 2906 Dordali
819 2863 880 2906 non
906 2849 969 2906 tam
1001 2863 1038 2907 ec
1061 2845 1162 2909 videri
1184 2848 1280 2928 perti·
1401 2899 1406 2904 .

134 2970 219 3034 nere,
243 2950 327 3033 quod
343 2950 449 3034 puella
464 2957 560 3035 rapta,
583 2972 677 3034 quam
703 2971 752 3034 eo,
772 2953 856 3035 quod
878 2954 947 3016 siue
963 2956 1130 3037 mancupio
1147 2956 1280 3019 emenda

134 3067 190 3142 est,
215 3065 318 3143 raptas
342 3060 435 3140 enim,
457 3062 639 3143 praesertim
664 3081 704 3124 ex
727 3062 819 3124 terris
842 3063 1078 3144 transmarinis,
1112 3065 1237 3147 saepius
1259 3084 1278 3127 a
1308 3114 1312 3121 .

133 3169 302 3234 lenonibus
324 3171 387 3232 emi
409 3170 529 3253 insigni
553 3170 741 3233 documento
764 3175 839 3233 suut
861 3170 1026 3234 Plautinae
1045 3171 1174 3234 Rudens
1198 3172 1277 3236 Poe-

134 3279 231 3341 nulus
254 3277 409 3341 Curculio.

221 3385 332 3449 Iamne
354 3387 454 3470 igitur
476 3387 676 3451 censebimus
700 3387 857 3469 virginem
890 3391 922 3450 et
951 3389 1107 3467 captivam
1132 3393 1163 3451 et
1184 3389 1277 3452 furti-

133 3515 205 3558 vam
230 3514 344 3577 graeco
367 3495 482 3559 Persae
506 3497 651 3579 exemplo
674 3495 847 3559 adhibitam
870 3494 993 3559 fuisse?
1038 3495 1101 3559 Res
1131 3497 1164 3558 ni
1188 3496 1279 3560 fallor

132 3603 270 3687 singulis
293 3605 415 3668 scaenis
438 3612 583 3670 accurate
605 3606 811 3669 consideratis
834 3604 967 3688 patefiet.
1006 3605 1042 3667 In
1067 3605 1200 3689 epistula
1223 3624 1278 3669 ex-

131 3712 251 3796 peditio
274 3719 381 3777 contra
406 3713 524 3778 Arabes
546 3716 627 3779 facta
658 3714 697 3778 ob
726 3715 759 3778 id
783 3715 884 3778 solum
908 3719 1185 3797 commemoratur,
1216 3736 1278 3799 quo

133 3820 248 3884 melius
272 3841 362 3885 erum
379 3823 483 3886 Toxili
507 3825 601 3886 etiam
625 3825 746 3888 diutius
763 3825 923 3888 afuturum
947 3843 1015 3888 esse
1039 3824 1223 3908 explicetur,
1245 3823 1279 3886 id

135 3930 219 4013 quod
250 3934 284 3994 ut
310 3932 350 3994 ad
373 3937 595 4015 argumentum
626 3933 722 3996 huius
750 3933 876 3997 fabulae
908 3934 996 3996 nollo
1028 3932 1121 3995 modo
1144 3932 1281 4016 pertinet

133 4057 303 4121 -neque
333 4041 417 4103 euim
450 4043 616 4125 quisquam
647 4042 783 4105 reditum
814 4041 1022 4105 Timarchidis
1053 4046 1216 4121 exspectat
1237 4077 1279 4086 -

133 4147 177 4209 ita
198 4147 328 4209 forsitan
353 4166 453 4231 aequo
476 4151 582 4213 animo
597 4151 761 4232 patiamur.
797 4149 896 4234 Virgo
920 4151 988 4234 ipsa
1011 4150 1045 4212 in
1063 4150 1195 4233 epistula
1218 4149 1280 4214 fur·

136 4254 201 4317 tiva
216 4254 417 4337 significatur
440 4263 471 4321 et
492 4260 538 4322 sic
554 4260 649 4323 etiam
671 4260 705 4322 in
720 4259 852 4342 reliquis
875 4259 971 4324 huius
989 4278 1121 4323 scaenae
1139 4260 1281 4324 versibus

139 4362 286 4427 lenonem
311 4370 510 4431 cunctantem
533 4367 801 4449 describentibus3
834 4369 972 4454 legimus
994 4388 1022 4432 v.
1048 4369 1129 4432 541:
