2836 4838
722 253 765 320 64

131 444 230 490 senex
253 432 407 508 vereatur,
430 429 462 492 in
477 429 643 494 Aulularia
665 429 787 493 fumum
810 428 914 511 ipsum
937 426 1026 491 exire
1042 425 1281 511 lamentorum),

8 551 10 554 ⁴
131 555 224 618 quam
241 538 422 603 varietatem
437 539 542 603 Plauti
565 545 649 603 certo
665 538 796 602 consilio
820 557 859 601 an
873 535 1010 601 Chorioii
1033 536 1136 599 errori
1155 535 1280 600 cuidam

130 645 265 712 tribuam
291 648 413 712 haereo.
447 647 570 714 Deinde
594 669 634 712 ex
650 649 838 732 comparatis
861 647 910 711 his
931 646 1009 710 locis
1025 651 1199 729 propterea
1222 665 1279 709 non

130 756 266 820 nimium
289 758 487 842 collegerim,
515 759 597 843 quod
623 763 815 842 quantopere
838 757 944 842 graeci
973 759 1085 839 poetae
1107 756 1280 839 praecipue

131 865 245 928 comici
273 866 351 931 alter
379 869 418 932 ab
442 869 540 933 altero
563 868 767 954 pependerint
792 885 884 931 nemo
906 865 1021 944 nescit,
1050 862 1149 928 facile
1181 866 1281 949 igitur

131 968 321 1055 Posidepns
344 973 439 1037 aliive
463 974 547 1037 illam
572 975 656 1037 senis
680 973 766 1036 avari
790 972 1033 1056 descriptionem
1057 991 1077 1034 a
1100 969 1280 1034 Menandro

130 1085 275 1145 mutuare
297 1083 530 1166 potirerunt*²'}).

218 1189 351 1253 Gravior
381 1191 525 1255 videatur
554 1191 616 1255 alia
638 1192 833 1274 observatio,
867 1208 961 1271 quam
985 1188 1239 1253 Franckenusl.
1261 1188 1280 1250 I.

131 1295 213 1361 fecit
269 1299 305 1362 Iu
287 1299 538 1384 uTheophrasti
568 1302 694 1365 charact
695 1299 844 1365 eribus
833 1323 848 1360 ο
880 1298 1054 1382 μικρολόγος
1087 1297 1283 1361 describitur

220 1404 304 1478 .οἷος
328 1409 453 1494 ὀψωνῶν
478 1411 665 1493 pqevup
639 1433 696 1472 otu
698 1434 745 1473 νο
762 1433 823 1471 ιο
810 1408 925 1488 λθειν
959 1428 1031 1472 cum
1047 1412 1111 1490 lgl
1113 1427 1152 1469 ur
1098 1404 1280 1470 Euclio

132 1454 203 1576 λιι..
196 1536 309 1580 scaena
339 1518 415 1600 II,8
446 1541 464 1583 a
492 1518 559 1584 loro
592 1520 740 1584 adveniat
769 1520 899 1604 opsonio
932 1519 1047 1603 quippe
1078 1516 1180 1579 nimis
1212 1535 1281 1579 caro

132 1643 195 1707 pon
219 1631 375 1709 coempto,
404 1627 540 1692 affinitas
563 1630 645 1693 inter
667 1629 752 1692 hunc
784 1633 815 1691 et
835 1626 1038 1711 Theophrasti
1061 1625 1170 1687 locum
1196 1628 1281 1687 tanta

130 1733 179 1797 int
167 1735 325 1798 tercedere
357 1736 424 1800 visa
454 1743 501 1802 est
489 1739 773 1820 t,uTranclreno
754 1741 932 1821 utpoetam
962 1756 980 1798 a
1007 1734 1197 1818 philosopho
1228 1752 1282 1797 ex·

134 1862 275 1925 pressum
300 1865 368 1910 esse
384 1852 444 1911 stat
445 1853 540 1912 uerat
522 1848 644 1912 tHoc
666 1849 693 1911 si
718 1853 800 1911 recte
770 1847 961 1911 tefeoit-
985 1848 1080 1923 atque
1096 1843 1179 1906 mihi
1205 1861 1280 1922 quo

134 1971 235 2035 queo
218 1954 292 2016 olim
317 1957 480 2038 persuasit,
502 1958 601 2021 donec
624 1958 737 2021 melius
760 1956 799 2021 de
822 1975 859 2019 ea
881 1974 916 2018 re
931 1953 1073 2017 iudicare
1096 1971 1147 2016 me
1173 1953 1282 2016 docuit

132 2061 396 2129 Wilamowitzius
420 2103 471 2148 —,
500 2067 634 2130 libenter
656 2067 858 2130 concedimus
880 2070 1039 2129 auctorem
1061 2062 1191 2126 fabulae
1216 2061 1281 2126 Me·

90 2173 92 2176 ⁴
133 2173 289 2237 nandium
313 2176 417 2259 potius
439 2175 526 2239 illius
553 2177 742 2260 discipulum
770 2175 950 2239 habendum
975 2191 1043 2238 esse
1067 2191 1163 2255 quam
1180 2172 1279 2236 alium

133 2302 332 2367 quemquam.
369 2285 412 2348 At
434 2289 590 2350 sententia
613 2289 714 2350 virum
740 2286 866 2348 doctum
888 2284 1006 2347 fefellit.
1044 2280 1280 2364 Theophrastus

131 2392 247 2457 librum
272 2414 362 2458 suum
378 2396 511 2480 scripsit,
533 2416 604 2460 cum
622 2396 740 2460 bellum
759 2397 843 2458 inter
854 2392 1138 2476 Polyperchontem
1153 2409 1281 2474 regem·

133 2523 194 2585 que
218 2510 248 2567 et
260 2503 469 2569 Cassandrum
494 2512 549 2570 aut
563 2506 732 2589 gerebatur
755 2511 809 2568 aut
833 2503 925 2587 paulo
948 2507 1020 2566 aute
1043 2505 1168 2583 gestum
1196 2506 1280 2582 erat3

133 2614 169 2676 cf.
193 2637 223 2674 π.
247 2614 350 2694 λογοπ.
376 2615 435 2694 (8);
469 2615 614 2696 διηγεῖται
645 2612 677 2676 δὲ
699 2613 819 2683 τούτους
843 2611 966 2696 φάσκων
999 2609 1112 2692 λέγειν,
1146 2611 1188 2680 ὡς
1215 2608 1281 2672 Πο-

134 2721 308 2805 λυσπέρχων
333 2719 381 2783 καὶ
406 2724 421 2784 ὁ
447 2723 583 2807 βασιλεὺς
608 2725 691 2809 μάχῃ
721 2723 871 2806 νενίκηκε,
903 2719 952 2783 καὶ
975 2717 1173 2802 Κάσσανδρος
1198 2719 1282 2789 ἐζώ-

134 2854 250 2914 γρηται,
275 2851 356 2914 quae
379 2832 474 2896 verba
496 2833 680 2915 Droysenus
704 2834 788 2917 quod
810 2832 902 2896 Diad.
917 2830 950 2894 II
972 2851 1001 2914 p.
1019 2831 1059 2892 82
1083 2827 1122 2891 ad
1147 2829 1282 2911 expedi-

133 2941 250 3003 tionem
282 2940 542 3024 Polyperchontis
577 2948 609 3006 et
596 2942 783 3007 tHercnlis
816 2963 843 3006 a.
869 2941 931 3005 310
968 2942 1074 3020 1ncep
1074 2956 1125 3000 am
1156 2938 1284 3001 rettulit

133 3054 257 3133 proper
272 3055 454 3134 sequente
480 3049 627 3135 doarosqc
644 3047 823 3134 haoaouh
827 3049 909 3120 :liii
932 3062 980 3108 τοι
991 3044 1106 3127 αἱτιορο
1109 3043 1283 3129 ςιένθομῇ

133 3155 241 3240 τὸτῆς
264 3156 372 3244 illest
404 3162 515 3225 satist
515 3181 619 3226 emere
641 3162 810 3239 indicavit,
841 3158 995 3222 Hercules
1019 3155 1169 3219 Barsines
1191 3153 1284 3220 filins

134 3288 306 3351 numquam
331 3275 366 3332 ut
388 3270 514 3334 videtur
538 3269 675 3354 βασιλεύς
707 3275 761 3334 ant
784 3268 962 3331 nominatus
994 3270 1048 3329 aut
1071 3263 1200 3346 agnitus
1236 3268 1286 3328 est

134 3378 251 3453 nedum
274 3378 313 3441 ab
325 3378 574 3444 Atheniensibus
587 3379 761 3443 Cassandro
778 3376 945 3455 subiectis3
979 3372 1094 3438 deindo
1117 3390 1158 3435 ne
1182 3372 1284 3437 nimis

133 3487 229 3570 longe
258 3489 340 3552 ultra
365 3489 519 3572 Antipatri
543 3495 682 3573 tempora
705 3487 931 3572 procedamus,
964 3481 1138 3548 certissime
1171 3486 1285 3547 vetant

135 3595 230 3660 verba
252 3621 281 3658 ιτ.
308 3597 394 3667 dimi.
420 3598 501 3678 (23):
532 3595 580 3659 καὶ
604 3596 764 3682 γράμματα
800 3593 832 3657 δὲ
860 3594 950 3656 εἰπεῖν
984 3595 1025 3662 ὡς
1048 3587 1172 3674 πάρεστι
1196 3589 1285 3676 παρὰ

135 3699 327 3787 Ἀντιπάτρου
350 3705 408 3766 art.
444 3705 554 3785 Itaque
577 3707 664 3771 locus
680 3727 774 3791 supra
793 3705 970 3788 exscriptus
992 3719 1100 3785 regem
1116 3699 1286 3783 significat

134 3819 189 3878 aut
219 3814 400 3898 Philippum
424 3815 636 3879 Arrhidaeum
668 3822 722 3880 aut
743 3815 962 3880 Alexandrum
994 3811 1141 3874 Roxanes
1174 3809 1284 3874 filium

134 3925 332 4006 etpertinet
321 3924 404 3987 tad
439 3923 647 3988 Cassandri
639 3945 670 3988 m
703 3925 919 3989 Macedoniam
953 3920 1189 4006 expeditionem
1225 3925 1286 3985 aut

133 4051 218 4113 eam,
248 4052 341 4115 quam
365 4030 524 4097 Diodorus
545 4033 661 4098 XVIII
685 4035 796 4115 lblcf.
819 4033 998 4115 Niesiusp
1023 4028 1097 4108 249)
1120 4031 1177 4091 aut
1200 4047 1285 4114 eam,

135 4156 229 4219 quam
260 4135 352 4218 XIX,
369 4139 419 4220 35,
443 4140 483 4202 36
516 4140 563 4220 (cf
527 4139 766 4223 cNiesiusp
790 4139 864 4218 252)
896 4140 1008 4201 narrat.
988 4133 1146 4199 tMalo
1180 4131 1285 4220 illam,

224 4279 249 4349 *l
269 4249 377 4350 Lipillo
390 4249 443 4349 pro
460 4284 548 4354 tipitlo
565 4284 623 4338 noli
641 4300 702 4338 cum
720 4284 881 4338 Franckeno
902 4281 1030 4337 scrihere.

223 4371 265 4445 **)
285 4372 329 4426 Sic
348 4374 514 4431 Ribbeckiua
533 4377 671 4447 Agroikos
691 4377 771 4448 (Abh.
792 4375 817 4431 d.
838 4376 926 4431 sicha.
946 4373 1008 4430 (ies.
1030 4372 1154 4442 lssssblp.
1174 4375 1221 4431 21.
