2836 4838
686 306 726 365 25

129 482 247 562 pressis
270 479 375 544 verbis
390 480 541 545 traditum
563 485 618 559 est,
640 486 745 544 tamen
769 480 846 544 satis
868 483 952 543 certo
975 480 1069 544 modo
1092 481 1280 564 perspicitur

128 607 171 651 ex
185 587 323 654 Diodoro
348 589 445 671 (XIX
462 591 512 668 74,
528 591 571 670 2).
606 589 735 653 Niesius
759 588 887 672 quidem
910 609 940 672 p.
958 589 1020 651 287
1045 594 1076 653 et
1099 590 1160 652 291
1185 586 1279 670 Poly-

129 697 333 779 perchontem
357 704 388 761 et
398 696 666 781 Cratcsipolidem,
689 697 744 780 qui
767 696 838 759 illas
861 695 955 758 urbes
978 701 1216 780 occupaverant,
1239 696 1278 761 ab

128 805 287 889 Antigoni
310 806 452 890 partibus
474 807 597 869 stetisse
621 805 790 885 contendit,
821 803 856 866 id
879 804 963 886 quod
986 805 1073 867 nullo
1096 805 1277 868 testimonio

129 916 352 998 comprobatur
375 953 416 960 -
444 917 661 997 conferantur,
691 933 771 997 quae
801 934 897 998 supra
927 914 968 977 ad
997 913 1191 978 Pseudolum
1221 933 1277 978 ex-

128 1025 293 1108 posuimus
309 1062 360 1105 —,
376 1024 508 1090 Diodori
523 1025 626 1088 locum
640 1025 816 1088 accuratius
830 1021 1073 1107 inspicientibus
1084 1023 1275 1088 contrarium
1338 1060 1340 1064 ,

129 1133 292 1197 videbitur
325 1133 415 1197 effici.
471 1134 518 1197 En
551 1134 652 1218 ipsius
686 1133 796 1196 verba:
831 1132 846 1194 ὁ
882 1127 915 1194 δὲ
947 1129 1166 1216 Τελέσφορος.
1182 1180 1273 1194 .....

130 1240 249 1324 ἐπῆλθε
288 1235 340 1311 τὰς
381 1238 425 1304 ὑπ’
458 1237 660 1326 Ἀλεξάνδρου
691 1239 914 1326 φρουρουμένας
945 1241 1060 1321 πόλεις,
1095 1238 1145 1303 καὶ
1178 1239 1275 1314 πάσας

129 1348 326 1434 ἠλευθέρωσε
349 1348 424 1433 πλὴν
447 1349 596 1422 Σικυῶνος
618 1348 669 1413 καὶ
690 1347 858 1435 Κορίνθου·
882 1351 912 1414 ἐν
936 1349 1055 1421 ταύταις
1087 1347 1143 1434 γὰρ
1173 1349 1276 1414 Πολυ-

132 1456 272 1543 σπέρχων
297 1457 424 1544 διέτριβε
448 1458 585 1543 δυνάμεις
616 1456 708 1544 ἁδρὰς
741 1457 820 1544 ἔχων
848 1455 898 1522 καὶ
927 1457 1073 1523 πιστεύων
1095 1458 1214 1531 τούτοις
1245 1484 1277 1524 τε

130 1563 181 1629 καὶ
204 1565 267 1637 ταῖς
290 1572 350 1630 τῶν
372 1567 471 1631 τόπων
494 1567 680 1654 ὀχυρότησιν.
727 1568 897 1650 Sicyonem
919 1570 1019 1653 igitur
1041 1574 1073 1634 et
1090 1569 1275 1634 Corinthum

129 1696 196 1739 non
219 1677 319 1760 potuit
342 1697 537 1762 expugnare,
561 1679 636 1762 quia
658 1679 733 1742 satis
755 1679 881 1763 magnis
904 1679 1003 1762 copiis
1019 1679 1276 1743 defendebantur.

129 1787 199 1850 lam
223 1787 299 1869 quid
322 1787 498 1871 simplicius
521 1809 615 1872 quam
639 1794 674 1852 ut
695 1789 831 1872 impetus
852 1789 888 1851 in
911 1807 964 1851 eas
986 1788 1084 1851 factos
1110 1793 1142 1852 et
1162 1789 1278 1852 frustra

128 1897 229 1959 factos
251 1914 320 1958 esse
343 1896 551 1980 colligamus?
592 1896 706 1960 Postea
727 1896 934 1979 Telesphorus
957 1915 1029 1959 cum
1052 1895 1091 1958 ab
1113 1896 1276 1979 Antigono

130 2002 288 2079 deficeret,
310 2004 562 2068 commorabatur
577 2006 611 2067 in
628 2025 704 2088 agro
717 2003 952 2067 Corinthiorum
967 2002 1069 2083 (Diod.
1083 2002 1167 2066 XIX
1178 2005 1219 2066 87
1223 2052 1230 2085 ,
1240 2003 1274 2066 1:

132 2107 290 2194 διατρίβων
324 2107 391 2193 περὶ
421 2107 599 2195 Κόρινθον),
630 2112 664 2175 id
694 2112 778 2196 quod
801 2111 929 2175 Niesius
963 2131 1018 2195 pro
1048 2131 1106 2175 sua
1128 2112 1276 2194 opinione

131 2221 251 2303 attulit,
281 2241 343 2304 quo
374 2221 460 2297 iure,
492 2223 584 2306 periti
614 2222 815 2285 iudicabunt:
847 2241 907 2306 ego
945 2225 1048 2285 statuo
1085 2220 1177 2284 illum
1208 2225 1276 2284 tum

131 2334 318 2411 occupatum
339 2330 438 2393 fuisse
460 2331 495 2393 in
517 2329 667 2392 Corintho
691 2328 871 2392 obsidenda.

220 2434 337 2525 Quodsi
369 2439 402 2501 in
434 2438 503 2502 cius
534 2439 676 2501 exercitu
704 2435 1013 2520 Therapontigonum
1037 2437 1275 2519 Platagidorum

131 2545 289 2628 stipendia
316 2545 428 2610 fecisse
461 2552 492 2610 et
524 2546 745 2610 Curculionem
777 2565 839 2608 uno
870 2565 911 2608 ex
940 2545 1146 2629 sequentibus
1184 2549 1276 2610 annis

133 2653 256 2717 doctam
279 2673 348 2718 esse
370 2675 551 2737 censemuS,
583 2657 699 2739 optime
721 2674 754 2718 se
777 2653 872 2718 habet
894 2674 959 2717 non
981 2655 1082 2718 solum
1107 2655 1192 2738 quod
1222 2656 1277 2720 illo

121 2767 267 2827 'stabiam
283 2783 410 2827 auream
434 2764 473 2828 ad
489 2771 648 2829 aeternam
671 2765 722 2828 sui
740 2765 923 2828 memoriam
948 2763 1023 2827 dare
1044 2762 1106 2828 sibi
1125 2765 1278 2848 proponit,
1361 2819 1364 2825 .

132 2892 270 2956 namque
293 2893 319 2936 a.
343 2874 402 2937 311
429 2895 491 2958 pax
514 2875 680 2938 conciliata
703 2880 770 2938 erat
791 2875 874 2937 inter
894 2873 1093 2956 Antigonum
1116 2878 1147 2936 et
1169 2872 1277 2936 Seleu-

131 2999 204 3042 cum
227 2979 445 3044 Ptolemaeum
468 2980 694 3064 Cassandrum,
723 3000 833 3044 verum
868 2980 963 3043 etiam
995 2978 1080 3062 quod
1111 2978 1273 3041 dimidiam

130 3092 252 3170 partem
275 3088 440 3151 nationum
464 3090 546 3152 intra
569 3090 684 3173 viginti
714 3088 782 3152 dies
804 3088 976 3151 subiecisse
998 3088 1104 3150 fertur.
1149 3086 1275 3149 Etenim

130 3194 164 3258 id
186 3194 291 3278 ipsum
313 3194 403 3257 intro
424 3195 540 3276 cipiati
563 3195 629 3258 dies
652 3215 716 3258 non
738 3195 818 3258 illud
842 3195 970 3278 quidem
1001 3195 1139 3259 aurificis
1163 3200 1277 3258 statera

129 3302 369 3387 ponderandum
394 3309 498 3368 mmen
522 3325 578 3368 nos
601 3305 738 3386 adducit,
761 3310 795 3367 ut
817 3324 911 3387 quam
928 3303 1114 3367 brevissimo
1138 3310 1277 3388 tempore

130 3429 203 3474 eum
227 3430 336 3476 omnes
358 3413 415 3476 bos
438 3413 569 3496 populos
592 3414 624 3475 in
649 3417 834 3496 potestatem
857 3431 946 3474 suam
970 3411 1132 3496 redegisse
1155 3412 1275 3477 iudice-

131 3538 210 3582 mus
255 3517 402 3603 Denique
427 3540 469 3584 vs.
493 3523 556 3584 442
580 3542 656 3604 sqq,
680 3520 946 3604 quemadmodum
969 3540 1064 3603 supra
1085 3521 1277 3604 monuimus,

128 3628 174 3690 ita
197 3630 367 3710 comparati
391 3635 472 3711 sunt,
496 3635 531 3693 ut
553 3630 592 3693 dc
616 3629 771 3693 industria
794 3649 848 3693 eos
870 3634 961 3713 poeta
980 3629 1093 3694 atticus
1115 3630 1156 3693 ad
1178 3636 1277 3695 certo·

130 3755 202 3800 rum
225 3736 380 3801 bellorum
404 3740 586 3802 memoriam
620 3739 799 3804 condidisse
830 3739 992 3821 videatur,
1021 3740 1109 3823 atqui
1138 3738 1279 3823 Sinopae,

129 3845 263 3928 Persae,
283 3845 520 3930 PaphlagoneS,
542 3849 683 3927 Arabes,
714 3847 824 3930 Cares,
855 3849 963 3911 cretati
987 3846 1059 3928 Syri
1081 3883 1124 3891 -—
1147 3849 1175 3910 si
1197 3848 1278 3909 hanc
1349 3838 1351 3842 ’

129 3954 298 4018 lectionem
321 3956 468 4040 amplecti
489 3958 564 4021 licet
587 3995 626 4003 —
652 3978 714 4041 quo
731 3958 909 4040 pertineant
929 3957 1038 4020 decem
1054 3957 1164 4040 plusve
1187 3958 1279 4020 annis

128 4067 200 4146 post
227 4063 285 4127 vix
317 4064 486 4149 quisquam
516 4066 644 4129 novisse
669 4069 805 4148 poterat,
834 4065 927 4147 paulo
958 4069 1028 4147 post
1056 4085 1082 4127 a.
1107 4065 1169 4128 313
1193 4070 1278 4130 certe

130 4191 239 4236 omnes
262 4175 368 4237 statim
392 4179 629 4258 perspexerunt.
670 4173 891 4237 Curculionem
915 4173 1015 4255 igitur
1039 4173 1187 4257 scriptam
1210 4194 1278 4239 esse

129 4281 210 4345 duco
248 4287 317 4366 post
359 4303 467 4368 paoem
509 4285 592 4348 inter
627 4284 823 4366 Antigonum
858 4281 1027 4346 Seleucum
1061 4283 1277 4348 Ptolemaeum

127 4390 342 4458 Cassandrum
365 4414 392 4457 a.
419 4395 479 4458 311
505 4394 713 4476 conciliatam,
744 4413 817 4458 cum
841 4391 955 4458 Graeci
978 4392 1017 4459 de
1041 4392 1179 4479 singulis
1202 4393 1279 4460 belli
