2836 4838
690 257 730 319 16

224 431 285 494 Ρ10
314 432 476 515 explorato
507 433 607 514 igitur
635 432 815 495 habendum
846 439 894 495 001
914 431 1066 494 Pseudoli
1103 433 1289 516 exemplum

136 542 265 605 atticum
290 546 344 606 aut
365 563 390 605 a.
407 542 469 605 309
493 546 547 604 aut
569 562 594 604 a.
613 543 675 604 308
698 542 823 605 doctum
848 560 925 622 esso,
949 560 1006 604 nec
1023 541 1115 603 nimii
1134 542 1290 605 faciamus

137 655 270 734 oportet,
306 643 389 735 qnod
424 651 610 733 Agathocles
633 671 661 712 v.
687 652 748 713 532
776 669 830 713 rex
854 649 1043 733 appellatur,
1074 650 1183 732 quode
1219 650 1289 714 vide

137 759 422 824 Wilaniowitaium.

221 868 411 953 Priusquam
442 868 481 931 ad
512 867 605 931 aliam
629 867 765 930 fabulam
792 872 1004 943 transeamus,
1034 886 1136 949 pauca
1159 868 1288 931 adicere

134 973 235 1037 liceat
290 972 412 1050 Quibus
451 977 574 1059 graecis
615 976 715 1058 poetis
744 973 876 1036 Plautus
909 973 1032 1037 fabulas
1062 994 1137 1038 suas
1172 975 1289 1039 debeat

135 1083 244 1165 anagni
267 1088 372 1146 nostra
392 1085 523 1147 interest
545 1084 625 1146 scire
656 1088 686 1146 01
716 1083 777 1144 viri
804 1081 889 1144 docti
912 1083 1007 1145 variis
1030 1082 1213 1146 rationibus
1237 1104 1287 1147 ce·

135 1192 201 1253 nati
224 1196 298 1255 sunt
320 1193 485 1275 expiscari.
530 1190 700 1274 Semperne
723 1193 837 1253 iustam
863 1192 945 1253 viam
969 1191 1157 1273 institerint,
1192 1194 1287 1256 valde

134 1299 252 1363 dubito.
297 1299 350 1364 Sic
371 1302 589 1385 respicientes,
620 1321 714 1383 quam
737 1301 820 1362 111101
841 1319 875 1363 00
898 1299 1014 1363 similia
1036 1300 1155 1363 luerint
1184 1300 1287 1365 multa

134 1428 234 1472 novae
258 1410 438 1473 comoediae
459 1410 636 1473 fabularum
660 1414 847 1491 argumenta
880 1414 911 1471 01
934 1428 1027 1491 quarn
1052 1409 1178 1490 aequali
1212 1410 1285 1473 ideo

134 1518 226 1580 modo
251 1519 323 1582 illae
346 1538 439 1603 saepe
462 1519 673 1583 exstruendae
696 1519 829 1600 luerint,
845 1519 915 1580 ·vix
940 1517 1110 1600 quiequam
1134 1517 1213 1581 inde
1237 1519 1285 1582 lu-

133 1645 266 1708 cramur,
289 1629 373 1711 quod
397 1633 428 1692 et
449 1630 482 1691 in
507 1628 698 1691 Mostellaria
721 1632 752 1690 et
773 1628 806 1689 in
818 1626 1001 1689 Trinummo
1024 1645 1122 1689 senex
1147 1645 1284 1710 peregre

133 1735 259 1799 rediens
286 1742 467 1820 occupatam
500 1739 627 1801 domum
659 1738 797 1816 invenit,
828 1738 860 1798 111
893 1741 1025 1819 utraque
1059 1736 1098 1800 de
1130 1756 1168 1799 ea
1198 1756 1235 1800 re
1266 1758 1284 1801 a

132 1862 223 1906 servo
246 1845 360 1908 certior
381 1845 425 1926 fit,
447 1848 480 1909 in
498 1845 662 1928 utriusque
685 1844 749 1908 fine
766 1844 895 1907 domum
918 1864 1007 1907 suam
1024 1849 1197 1927 recuperat,
1223 1863 1283 1908 nec

133 1955 232 2016 nimio
255 1955 325 2037 plus
348 1973 388 2018 ex
412 1956 458 2018 eis
481 1955 686 2018 affinitatibus
709 1954 924 2036 colligendum
955 1953 1052 2035 duce,
1087 1972 1166 2036 qnas
1194 1952 1283 2016 111101

132 2062 327 2127 Philemonis
355 2064 549 2127 Thesaurum
580 2064 716 2125 Phasma
744 2062 916 2146 Emporum
947 2061 1141 2125 intercedere
1173 2062 1282 2126 obser-

133 2169 219 2230 vavit
240 2167 434 2232 Ribbeckius
459 2168 557 2242 (Rom.
581 2166 683 2230 Dicht.
709 2167 723 2229 1
747 2188 774 2249 p.
801 2167 882 2245 126).
939 2165 1043 2242 Quare
1073 2167 1150 2230 haec
1182 2168 1282 2231 missa

131 2278 291 2341 faciamus.
336 2277 575 2360 Philologorum
598 2281 703 2339 autem
727 2282 774 2339 est
797 2276 894 2339 multo
917 2277 1094 2339 accuratius
1117 2277 1150 2338 in
1171 2275 1280 2341 Plauti

131 2384 254 2448 fabulas
283 2386 457 2467 inquirere,
490 2404 583 2467 quam
615 2383 718 2447 adhuc
748 2384 866 2446 tactum
898 2388 961 2463 est,
996 2402 1057 2465 que
1089 2384 1280 2448 certioribus

133 2499 275 2557 auctores
299 2512 407 2557 earum
430 2493 616 2556 enucleandi
641 2493 759 2555 normis
784 2492 828 2554 uti
851 2493 1016 2575 possimus.
1060 2493 1167 2574 Atque
1192 2495 1278 2576 quod

132 2602 171 2665 ad
195 2601 387 2665 Pseudolum
410 2602 530 2682 attinet,
553 2601 763 2664 Menandrum
784 2601 887 2683 ipsum
911 2600 949 2663 ad
974 2620 1064 2663 suam
1080 2601 1278 2665 comoediam

133 2710 165 2772 in
191 2730 218 2772 v.
241 2711 304 2772 412
337 2710 514 2792 respexisse
543 2708 658 2773 Leonis
685 2715 732 2773 est
760 2710 896 2792 suspicio
922 2710 950 2787 (l.
974 2709 991 2771 l.
1015 2730 1043 2792 p.
1069 2708 1143 2789 564)
1176 2728 1279 2793 eaque

133 2820 272 2882 oninium
290 2818 523 2900 simplicissima
546 2823 639 2900 atque
655 2824 740 2882 tanto
754 2817 953 2902 probabilior,
977 2819 1061 2901 quod
1084 2819 1140 2881 tali
1155 2820 1279 2885 10110110

132 2928 171 2991 ad
194 2927 369 2990 alienorum
385 2925 507 2988 tabulas
528 2932 635 3008 poetas
650 2928 760 2990 atticos
781 2928 934 2991 adlusisse
956 2928 1066 2991 saltem
1090 2946 1151 2990 non
1169 2929 1280 2993 multis

133 3036 287 3118 exemplis
317 3037 430 3119 peterit
459 3036 654 3118 eoinprobari
665 3037 704 3111 *1.
751 3037 817 3099 Iani
846 3037 940 3100 liceat
962 3037 1040 3099 mihi
1063 3039 1277 3103 coniecturam

134 3146 279 3229 proferre,
303 3165 374 3227 qua,
397 3145 423 3206 si
448 3149 531 3207 reeta
554 3151 608 3219 est,
632 3142 746 3208 Leonis
761 3146 917 3208 sententia
933 3164 1122 3228 magnopere
1136 3145 1277 3211 fulcitur.

133 3250 284 3315 Omnium
305 3249 482 3313 fabularum
508 3269 715 3333 unaquaeque
738 3270 871 3333 persona
903 3250 980 3333 quid
1013 3249 1074 3313 sibi
1106 3250 1197 3333 velit,
1230 3253 1279 3318 fas

132 3366 180 3425 est
202 3380 258 3422 nos
281 3377 447 3442 quaerore,
474 3378 578 3442 neque
602 3361 686 3423 onim
710 3359 796 3423 credi
820 3363 920 3442 potest
952 3360 1020 3422 sine
1043 3358 1158 3422 idonea
1181 3378 1278 3426 causa

133 3470 229 3533 ullam
253 3469 302 3532 vel
325 3490 344 3532 a
367 3469 647 3552 neglegentissime
683 3475 772 3553 poeta
797 3472 976 3551 usurpatam
1000 3485 1088 3547 esse;
1120 3468 1219 3533 immo
1249 3474 1277 3535 si

133 3597 194 3640 nen
212 3584 398 3660 argumente
414 3578 601 3661 explicando
616 3579 758 3657 inservit,
781 3582 917 3640 attamen
935 3576 1164 3657 spectatoribus
1187 3584 1279 3645 extra

130 3807 289 3869 ¹Ptolemaeo
308 3804 482 3871 tradidisset,
509 3806 656 3859 retinuisse
675 3805 816 3871 aeliairas,
841 3804 917 3856 ruius
934 3802 975 3856 101
994 3818 1043 3856 nec
1069 3804 1140 3857 10110
1159 3814 1280 3873 apparet

132 3916 182 3953 nee
201 3899 286 3951 ullum
305 3902 396 3951 exstat
414 3897 606 3950 testiinonium.
645 3897 728 3949 11111110
748 3898 814 3950 haer
835 3895 937 3965 oppida
960 3896 985 3950 ei
1007 3896 1060 3949 10111
1080 3895 1181 3950 dudum
1201 3898 1279 3953 Tele-

132 3989 249 4057 sphorus
269 3988 410 4055 eripuerat
429 3992 456 4039 et
475 3992 573 4055 postea
592 3987 764 4040 Ptolemaeus
784 3986 915 4053 Antigoni
934 3985 989 4039 dux
1008 3992 1197 4054 occupaverat.

222 4080 248 4149 *)
268 4080 355 4134 Unum
386 4078 572 4147 suppeditavit
603 4078 668 4131 mihi
694 4078 932 4145 Wilarnowitzius‚
965 4079 1013 4132 ubi
1041 4084 1124 4147 poeta
1155 4084 1276 4138 auctoris

132 4189 229 4227 nomen
248 4171 362 4238 addidit,
381 4175 428 4226 Ar.
449 4174 509 4241 lips
532 4175 596 4226 lus:
621 4172 650 4225 τὸ
670 4176 714 4225 τοῦ
735 4170 915 4243 Φερεκράτους,
935 4172 998 4225 abac
1018 4173 1095 4244 δέρειν
1114 4173 1276 4248 δεδαρμένην.

132 4264 312 4319 Menandrum
338 4265 366 4317 in
391 4265 609 4333 llisexapatonte
638 4264 674 4319 ad
693 4263 816 4318 Alexidis
842 4264 1010 4317 Demetrium
1034 4269 1174 4332 spectasse
1200 4283 1278 4335 nego,

134 4356 271 4413 01111110.
