2836 4838
136 444 204 510 Iam
227 446 413 510 accedamus
435 445 474 508 ad

138 605 522 700 Curculionem,

134 764 225 827 cuius
248 768 469 846 argumentum
493 762 526 824 in
552 781 589 825 eo
611 761 748 844 positum
771 767 828 844 est,
857 768 891 825 ut
913 761 1102 825 Phaedromi
1124 763 1283 845 parasitus

134 873 287 955 pecuniae
320 876 448 935 mutuae
482 864 641 955 rogandae
674 891 768 933 causa
808 873 839 934 in
876 870 1000 934 Cariam
1034 873 1191 954 profectus
1236 871 1282 934 ibi

135 981 266 1044 militem
291 979 457 1044 offenderit
479 985 510 1044 et
532 981 564 1042 in
588 979 735 1042 convivio
759 980 899 1060 anulum,
922 999 984 1061 quo
1008 980 1141 1044 tabellae
1164 979 1282 1042 Plane

134 1087 216 1150 sium
251 1086 440 1150 liberaturae
472 1084 687 1167 obsignandae
718 1091 806 1167 sunt,
839 1084 926 1148 ebrio
957 1085 1126 1148 abstulerit.
1173 1086 1283 1168 Atque

135 1196 271 1278 primum
294 1193 445 1276 gravibus
469 1191 707 1256 difficultatibus
736 1193 937 1275 implicamur
968 1199 1155 1276 quaerentes
1187 1193 1283 1276 quid-

134 1322 207 1366 nam
240 1301 350 1365 Oariae
384 1302 511 1364 nomine
541 1299 769 1383 significaverit
798 1306 898 1384 poeta.
945 1301 1010 1363 Vix
1041 1307 1145 1364 notam
1181 1304 1283 1365 Asiae

134 1414 266 1488 terram3
298 1429 374 1472 num
398 1408 482 1472 enirn
499 1408 663 1472 credemus
675 1407 896 1472 Curculionem
920 1410 1018 1472 solius
1033 1410 1157 1492 argenti
1173 1411 1283 1473 mutui

58 1521 62 1527 ’
133 1519 268 1603 rogandi
291 1538 402 1601 causa,
435 1518 519 1600 quod
550 1518 649 1580 multo
678 1518 802 1581 facilius
834 1538 873 1582 ex
900 1519 1002 1581 vicino
1026 1519 1139 1602 oppido
1173 1526 1283 1602 petere

134 1629 285 1713 potuerit,
316 1647 402 1691 mare
425 1630 590 1711 Aegaeum
614 1629 763 1691 transisse
795 1633 889 1711 atque
920 1628 1104 1691 brevissimo
1128 1633 1283 1712 temporo,

134 1737 320 1819 quadridu0‚
341 1737 521 1800 intermisso
544 1735 739 1819 Epidaurum
763 1736 952 1799 revertisse?
998 1735 1161 1818 Nusquam
1187 1738 1281 1800 audi·

134 1866 204 1909 mus
228 1845 267 1910 de
290 1847 374 1925 navi,
396 1866 458 1928 qua
481 1845 585 1908 ethic
608 1850 639 1908 et
648 1845 940 1928 Therapontigonus
962 1844 1156 1926 advenerint,
1180 1847 1281 1910 immo

134 1975 161 2016 v.
180 1954 242 2017 363
265 1954 398 2017 suadere
423 1954 555 2034 videtur,
579 1959 696 2016 utnon
721 1954 765 2016 ita
786 1953 918 2036 longum
937 1954 1072 2036 spatium
1095 1954 1281 2018 interfuisse

131 2068 305 2128 statuamus
327 2064 410 2126 inter
432 2061 555 2124 Cariam
579 2067 609 2124 et
632 2061 835 2145 Epidaurum.
870 2062 1036 2124 Praeterea
1059 2062 1170 2124 merito
1194 2061 1280 2126 Koc-

132 2173 220 2256 nigio
244 2170 380 2251 (Quaest.
404 2171 576 2250 Plautinae,
600 2190 702 2254 progr.
725 2170 901 2233 Patschkau
928 2171 1010 2232 1883
1035 2191 1062 2253 p.
1086 2172 1119 2242 8)
1144 2190 1279 2254 scrupu-

133 2282 198 2345 lum
223 2281 330 2362 movit,
361 2281 444 2363 quod
467 2280 622 2363 parasitus
645 2278 777 2343 militem
807 2280 839 2341 in
872 2279 937 2341 loro
961 2279 1077 2341 dicitur
1106 2277 1279 2344 offendisse

134 2392 173 2470 (v.
190 2390 285 2470 336),
318 2389 449 2453 Plautus
472 2389 572 2472 igitur
586 2385 709 2452 Cariam
734 2395 817 2451 certe
842 2387 950 2451 urbem
969 2387 1137 2470 putavit*).
1174 2387 1279 2469 Adde,

134 2501 217 2584 qnod
242 2521 269 2563 v.
280 2502 343 2562 443
360 2498 454 2563 Cares
477 2505 762 2562 commemorantur
786 2504 820 2561 ut
841 2503 959 2560 remota
982 2502 1075 2579 atquo
1099 2496 1280 2580 longinqua

133 2611 238 2691 natio,
269 2629 362 2691 quam
384 2609 677 2692 Therapontigonus
700 2608 878 2691 subegerit,
910 2607 994 2690 quod
1018 2625 1090 2668 curn
1113 2606 1278 2688 probabile

132 2718 213 2781 sita
235 2737 348 2800 graeco
372 2723 462 2800 pocta
484 2717 592 2780 fictum
615 2736 684 2780 esse
708 2717 756 2796 (cl.
781 2717 882 2797 infra),
904 2716 989 2778 hunc
1020 2733 1145 2797 quoque
1167 2717 1278 2779 crede-

133 2847 204 2890 mus
226 2825 447 2890 Curculionem
478 2846 540 2889 non
575 2827 629 2889 illo
658 2827 770 2890 fecisse
804 2825 1067 2910 proficiscentem,
1097 2843 1206 2887 verum
1243 2827 1278 2888 in

133 2936 281 3019 oppidum
305 2935 432 3018 aliquod
458 2934 615 2998 Graeciae.
662 2936 761 3017 Atqui
784 2935 844 2998 talo
878 2954 939 2996 non
973 2939 1081 2995 notum
1115 2940 1177 3014 est,
1213 2937 1276 2998 nisi

133 3045 218 3128 quod
241 3044 440 3127 Megarorum
472 3063 576 3106 arcem
600 3039 715 3126 Καρίαν
747 3045 940 3105 nominatam
972 3042 1069 3103 fuisso
1100 3042 1278 3109 Pausanias

132 3151 148 3215 Ι
172 3152 256 3233 10,6
281 3152 451 3215 memoriae
478 3151 632 3234 prodidit;
663 3151 718 3213 sed
742 3151 780 3213 de
803 3150 861 3212 hac
884 3150 1023 3230 cogitare
1040 3168 1153 3233 nempe
1175 3151 1278 3215 insul·

132 3281 201 3325 sum
226 3267 281 3325 est.
327 3260 396 3343 Ego
421 3260 592 3340 noscimus,
622 3259 706 3341 quod
730 3258 877 3341 oppidum
902 3255 1130 3340 significaverit
1161 3261 1277 3323 atticus

132 3376 230 3454 poeta.

218 3478 284 3541 Iam
308 3481 412 3540 auteur
436 3481 537 3540 certos
560 3476 709 3560 temporis
723 3479 873 3541 terminos
896 3477 929 3538 in
950 3475 1056 3539 fabula
1078 3476 1146 3558 ipsa
1168 3477 1275 3540 inesse

131 3608 203 3651 cum
237 3587 292 3650 alii
325 3591 393 3649 tum
424 3584 686 3649 Wilamowitzius
720 3586 843 3667 (Isyllos
879 3605 937 3648 von
969 3583 1145 3667 Epidauros
1167 3605 1195 3667 p.
1221 3587 1274 3667 37)

132 3699 357 3778 coguoverunt.
403 3693 563 3756 Parasitus
585 3714 604 3756 a
628 3693 753 3774 Lycone
775 3696 925 3778 trapezita
951 3693 990 3756 ob
1014 3693 1098 3756 oculi
1120 3693 1276 3758 iacturam

132 3803 254 3866 derisus
287 3807 392 3865 narrat
421 3821 455 3864 sc
488 3801 570 3884 apud
594 3800 762 3881 Sicyonem
785 3804 940 3887 catapulta
969 3803 1067 3864 ictum
1097 3820 1181 3883 esse,
1212 3823 1276 3885 quo

134 3939 444 3949 ψ

130 4017 245 4079 proptor
264 4025 380 4075 roquuru
404 4009 560 4077 gloriosum.
599 4008 744 4064 Fcfollisse
770 4026 830 4064 curn
855 4010 984 4063 iudicium
1010 4026 1042 4062 ox
1069 4009 1122 4076 eiS,
1147 4025 1217 4075 iprae
1242 4009 1277 4064 do

132 4104 254 4166 tompore
274 4098 402 4152 l'scruloli
421 4099 548 4167 exposita
567 4105 638 4166 sunt,
658 4100 726 4152 satis
746 4116 883 4168 superque
903 4106 1027 4167 apparet.

221 4189 245 4257 ²⁶³)
264 4189 353 4242 Alidis
373 4207 481 4256 quoque
500 4191 607 4244 nomine
626 4190 789 4259 significavit
803 4191 940 4261 oppidum,
961 4190 995 4246 cf.
1013 4206 1050 4244 va.
1071 4192 1113 4256 26,
1134 4194 1193 4257 510,
1214 4194 1275 4258 544,

132 4285 193 4346 ort,
213 4286 273 4348 573,
294 4285 353 4335 590.
386 4283 485 4336 Moneo
504 4283 555 4335 lror
575 4289 691 4351 propter
703 4284 825 4337 Brixium
845 4282 918 4354 (adn.
939 4283 981 4336 ad.
1001 4300 1025 4338 v.
1045 4287 1095 4335 571
1117 4298 1182 4336 suae
1202 4282 1276 4351 edit,

132 4377 184 4427 573
203 4374 277 4445 Seli.)
