2836 4838
762 257 802 318 72
1091 221 1114 259 '‘

212 430 325 515 Magni
346 431 500 496 rationem
514 431 690 515 proeliandi
705 435 845 516 spectare
860 430 1036 494 luculenter
1051 431 1211 514 exposuit.
1247 427 1359 505 Quam-

216 560 311 624 quam
341 541 427 604 enim
456 545 487 604 et
508 539 679 604 Lorenzius
703 541 748 620 (in
771 541 864 624 prael.
888 540 928 604 ad
950 539 1064 603 Pseud.
1086 560 1115 623 p.
1142 540 1198 621 55)
1231 544 1266 603 et
1285 537 1361 602 Lan-

216 669 318 734 genus
342 650 453 731 (Plaut.
475 648 562 713 8150.
586 670 613 732 p.
637 651 689 729 92)
720 669 788 713 eam
811 649 918 713 Plauti
945 649 1049 732 potius
1071 649 1207 732 ingenio
1240 648 1315 711 forti
1336 651 1363 710 et

217 758 330 822 bellico
354 757 460 822 deberi
477 758 714 840 contenderunt,
736 764 841 822 tamen
865 779 908 822 vs.
926 758 988 821 256
1002 778 1068 841 sqq.
1091 758 1155 820 iam
1173 755 1363 820 Sohusterus

217 869 238 932 l.
262 868 281 931 l.
306 889 334 953 p.
353 869 392 930 10
416 868 455 932 ad
478 869 609 932 atticum
632 869 813 952 exemplum
836 869 1011 933 rectissime
1033 867 1199 932 rettulerat
1224 872 1259 930 et
1269 866 1364 930 Wila-
1413 884 1415 917 :

217 978 368 1041 mowitaii
391 977 430 1040 de
446 979 589 1061 equitum
612 999 630 1042 a
653 978 765 1042 dextro
787 997 885 1041 cornu
906 978 1027 1060 impetu
1049 977 1188 1061 simplex
1204 975 1365 1040 adnotatio

218 1092 282 1151 tam
305 1086 652 1168 manifestaverunt,
683 1091 718 1150 51
745 1086 874 1150 omnino
904 1087 1017 1150 inutile
1050 1086 1196 1150 videatur
1221 1086 1366 1149 adversa·

218 1197 338 1259 riorum
361 1195 541 1278 opinionem
565 1195 707 1279 pluribus
729 1195 888 1278 refellere.
925 1194 1029 1270 Quare
1058 1213 1120 1257 non
1153 1192 1366 1257 dubitandum

221 1308 287 1381 est,
319 1305 397 1386 quin
427 1302 611 1385 Amphitruo
641 1319 741 1365 novae
773 1303 954 1367 comoediae
982 1301 1089 1367 fabula
1116 1303 1187 1366 sit.
1212 1301 1297 1365 Plus
1318 1318 1368 1363 ne·

222 1413 350 1497 quimus
372 1411 546 1475 enucleare.

221 1517 369 1600 Denique
386 1516 424 1580 de
448 1497 798 1578 Cistellaria&
814 1516 996 1600 exemplari,
1019 1516 1104 1600 quod
1119 1536 1191 1580 eum
1206 1515 1369 1598 plerisque

223 1641 255 1700 et
282 1636 344 1718 ipsi
376 1633 604 1698 Menandreum
635 1635 855 1699 existimamus
886 1636 933 1716 (cf.
957 1655 1000 1698 vs.
1024 1636 1064 1698 87
1089 1655 1156 1718 sqq.
1187 1653 1263 1697 cum
1289 1633 1368 1697 Men.

222 1747 281 1828 frg.
307 1745 399 1826 558),
430 1765 524 1828 supra
563 1764 662 1829 pauoa
691 1744 928 1827 adnotavimus,
964 1745 1004 1808 de
1034 1744 1234 1808 Philemonis
1267 1748 1370 1807 autem

224 1849 361 1933 Emporo
391 1854 422 1912 et
443 1848 566 1932 Diphili
589 1849 803 1929 Clerumenis,
836 1869 876 1913 ex
909 1849 1025 1934 quibus
1047 1850 1214 1914 Plautinae
1250 1835 1369 1914 Mer·

226 1954 376 2028 05101
407 1968 438 2027 51
470 1947 660 2029 Casina
690 1985 857 2050 expressae
887 1970 976 2048 5551,
1011 1965 1158 2029 omnibus
1181 1966 1368 2030 certioribus

225 2085 414 2150 testimoniis
437 2105 547 2149 sumus
570 2086 720 2150 destituti.

314 2194 352 2257 In
374 2194 437 2259 fine
460 2194 555 2258 huius
578 2196 721 2278 opusculi
744 2215 807 2259 uno
830 2197 863 2259 in
887 2200 1056 2280 conspectu
1079 2197 1168 2260 iuvat
1187 2215 1371 2280 proponere,

229 2323 309 2388 quae
333 2304 371 2367 de
394 2304 593 2388 singularum
615 2303 802 2388 fabularum,
825 2324 865 2369 ex
889 2305 1005 2388 quibus
1016 2305 1183 2369 Plautinae
1204 2325 1371 2392 expressae

228 2417 311 2494 5551,
333 2412 487 2476 aetatibus
510 2412 673 2476 enucleata
694 2418 776 2476 sunt.
812 2412 936 2478 Mediae
961 2414 1142 2478 comoediae
1164 2434 1229 2478 una
1245 2414 1372 2479 Persa

228 2527 283 2604 551,
306 2520 527 2586 Demosthenis
550 2527 650 2586 aetate
673 2524 788 2605 scripta
803 2524 909 2587 nescio
933 2542 995 2607 quo
1018 2543 1110 2605 anno,
1133 2542 1174 2587 ex
1198 2526 1315 2589 ceteris
1336 2525 1372 2589 ad

228 2629 383 2694 Demetrii
397 2631 544 2695 Phalerei
557 2632 753 2694 Athenarum
778 2634 925 2715 praelecti
948 2638 1088 2717 tempora
1110 2637 1194 2697 certe
1217 2636 1375 2719 pertinent

229 2741 471 2805 Pseudolus
498 2761 580 2805 anno
604 2747 659 2805 551
681 2743 744 2806 309
767 2748 821 2806 551
837 2743 899 2806 308
923 2748 954 2806 et
972 2741 1080 2808 Luscii
1101 2741 1262 2806 Lanuvini
1284 2743 1373 2808 Phe·

230 2870 382 2915 saurus
411 2851 494 2914 intra
522 2853 707 2915 55555310
737 2857 768 2915 et
790 2854 853 2917 308
884 2872 997 2936 graece
1025 2852 1159 2937 scriptae
1190 2859 1223 2916 et
1244 2853 1374 2917 Aulu-

229 2961 350 3043 laria,
381 2961 472 3024 cuius
494 2965 628 3024 aetatem
650 2964 832 3045 ceteroquin
862 2964 896 3025 15
928 2963 1031 3027 medio
1062 2964 1243 3046 relinquere
1267 2961 1376 3027 debui·

230 3090 321 3146 mus,
351 3070 508 3152 pertinere
531 3071 679 3134 videntur
701 3071 902 3136 Curculio
933 3094 958 3137 a.
983 3073 1045 3137 310
1069 3072 1118 3137 vel
1143 3073 1206 3137 309
1229 3078 1261 3137 et
1283 3073 1375 3137 Bao·

231 3180 377 3245 chides
404 3180 489 3243 intra
511 3200 610 3244 annos
633 3181 695 3244 316
719 3183 834 3246 51307
860 3183 976 3247 doctae.
1021 3181 1129 3246 Minus
1151 3188 1311 3247 certares
1335 3186 1379 3246 est

233 3290 272 3354 de
295 3288 497 3372 Captivis,
532 3310 626 3373 quam
654 3291 747 3373 paulo
778 3296 847 3375 post
876 3312 902 3355 a.
926 3292 989 3355 314
1012 3291 1171 3356 conditam
1201 3309 1272 3355 esse
1296 3291 1377 3354 iudi-

233 3400 382 3463 cavimus.
427 3397 551 3462 Deinde
582 3398 754 3464 Stichus
776 3421 802 3464 a.
827 3401 889 3464 300
913 3401 985 3464 data
1008 3406 1071 3484 551,
1103 3420 1174 3464 cum
1197 3397 1379 3465 Demetrius

232 3508 423 3572 Poliorcetes
445 3508 581 3572 Athenis
602 3509 861 3592 commorabatur,
902 3510 1191 3575 Truculentus
1214 3510 1278 3574 nisi
1301 3511 1380 3575 falli-

235 3637 307 3679 mur
337 3618 429 3700 paulo
461 3622 531 3701 post
561 3637 704 3682 eversum
733 3621 889 3704 Antigoni
911 3640 1046 3705 regnum
1079 3621 1163 3684 intra
1193 3639 1294 3684 annos
1319 3620 1379 3683 200

236 3731 267 3789 51
289 3726 362 3807 297,
384 3724 507 3790 Miles
536 3734 639 3791 5515.
664 3730 727 3791 299
759 3734 827 3811 551,
856 3729 889 3791 11
913 3729 997 3812 quod
1019 3729 1235 3812 praetulimus,
1257 3749 1283 3791 a.
1310 3731 1381 3810 287,

234 3834 404 3899 Rudens
440 3836 523 3898 intra
560 3839 750 3901 55555303
781 3840 912 3901 51290.
968 3836 1016 3902 De
1055 3837 1233 3922 Epidico
1269 3857 1381 3921 parum

235 3950 355 4010 certum
386 3948 489 4010 visum
520 3952 580 4027 est,
613 3952 718 4010 utrum
746 3948 785 4011 de
805 3946 982 4011 Thebarum
1006 3947 1242 4031 expugnatione
1265 3966 1293 4010 a.
1320 3949 1381 4011 293

236 4074 277 4118 an
299 4075 326 4118 a.
350 4056 412 4118 290
443 4056 524 4119 facta
553 4057 756 4140 cogitandum
789 4057 844 4138 sit,
874 4056 971 4120 scribi
991 4056 1093 4140 potuit
1114 4055 1188 4119 inde
1211 4055 1252 4119 ab
1275 4075 1303 4119 a.
1320 4056 1382 4119 292

237 4180 337 4244 usquo
360 4163 399 4226 ad
422 4184 448 4227 a.
465 4165 545 4243 287;
574 4165 657 4228 intra
680 4165 807 4229 eosdem
829 4166 980 4237 terminos
1001 4165 1286 4227 Trinummum
1312 4182 1385 4228 con-

238 4270 335 4333 ditam
358 4289 426 4336 esse
449 4275 624 4337 statuimus.
668 4275 747 4337 Tum
770 4273 1040 4338 Mostellaria
1070 4273 1176 4336 doceri
1204 4273 1309 4356 potuit
1331 4271 1387 4336 Di·

239 4379 325 4465 philo
348 4383 516 4466 superstite
539 4388 594 4447 aut
613 4404 640 4447 a.
663 4384 727 4448 288
750 4391 805 4449 551
827 4404 853 4448 5.
877 4385 939 4448 287
975 4388 1077 4448 5515.
1101 4382 1164 4446 280
1198 4387 1229 4447 51
1257 4400 1394 4468 sequen·
