2836 4838
623 278 662 341 71

65 472 161 518 neme
185 473 325 537 unquam
358 453 482 515 locutus
511 453 552 516 sit
582 453 621 518 de
643 452 830 537 Persarum,
861 473 969 519 verum
1001 451 1212 538 delicatior

67 562 289 646 expeditione3
320 566 351 625 at
383 563 542 625 nescimus
572 583 612 625 an
653 564 686 626 in
717 582 832 647 graeca
864 563 971 627 fabula
1000 564 1077 627 haec
1107 564 1211 648 petius

65 677 312 736 commemorata
333 673 438 754 fuerit,
464 673 595 736 fortasse
617 673 703 757 regis
726 675 826 758 ipsius
849 672 954 737 addite
977 674 1123 751 nomine3
1155 692 1211 757 pro

67 802 130 866 quo
155 780 323 863 Plautum,
352 801 424 844 curn
454 779 552 844 Persa
580 782 710 865 quidam
739 783 771 844 in
801 782 945 865 exemplo
976 801 1033 844 suo
1061 782 1211 845 inductus

64 890 164 953 fuerit
184 909 225 954 ex
241 889 350 952 Persia
365 889 506 952 Athenas
521 890 686 973 proiectus
710 889 799 953 facile
815 889 995 972 putabimus
1011 889 1210 953 substituisse

66 1018 184 1062 nomen
222 997 400 1061 Persarum.
455 996 601 1080 Denique
639 1002 809 1061 statueram
846 998 987 1061 Persium
1028 999 1210 1062 interiorem

64 1107 163 1172 Asiae
191 1114 311 1190 partem
341 1109 436 1170 etiam
464 1111 535 1190 post
557 1107 734 1170 Alexandri
756 1112 896 1191 tempora
928 1112 959 1170 et
980 1105 1093 1171 Persas
1116 1105 1210 1169 Anti-

63 1214 146 1296 goni
169 1213 293 1294 milites,
324 1214 377 1296 qui
401 1232 442 1276 ex
465 1213 523 1275 hae
545 1213 676 1295 regione
699 1214 798 1276 coacti
821 1218 939 1294 essent,
965 1212 1105 1296 petuisse
1128 1231 1209 1275 nun-

64 1322 194 1405 cupari3
228 1322 283 1385 sed
297 1322 374 1385 haec
388 1339 476 1385 mera
491 1321 672 1384 coniectura
690 1327 739 1385 est
753 1340 853 1405 eaque
869 1341 980 1405 parum
993 1320 1164 1404 probabilis
1172 1320 1209 1402 *).

54 1427 217 1509 Accedit,
246 1431 281 1491 ut
305 1427 515 1490 Athenienses
547 1426 585 1489 de
608 1425 762 1490 Demetrii
785 1433 893 1491 contra
914 1427 1091 1493 Nabataeos
1113 1445 1209 1510 expe·

65 1537 189 1601 ditione
220 1537 368 1600 certiores
402 1536 471 1599 fieri
504 1555 576 1599 non.
596 1537 755 1620 potuerint
785 1543 857 1601 ante
890 1557 945 1602 ver
976 1538 1026 1600 vel
1059 1541 1209 1602 aestatem

64 1647 145 1710 anni
159 1647 218 1709 311
231 1669 238 1726 ;
270 1666 342 1709 enm
358 1647 457 1729 igitur
479 1646 542 1708 iam
558 1650 649 1708 antea
672 1644 823 1710 Seleucus
837 1647 987 1710 interiore
1000 1646 1077 1709 Asia
1092 1646 1209 1729 potitus

64 1757 124 1837 sit,
154 1774 190 1818 ee
221 1755 327 1817 minus
356 1754 507 1817 credibile
534 1759 581 1818 est
608 1755 725 1818 milites
748 1755 903 1840 Antigoni
932 1776 958 1819 a.
983 1756 1045 1818 310
1073 1755 1208 1818 Athenis

63 1865 180 1929 Persas
213 1883 281 1928 esse
313 1864 496 1927 nominatos.
549 1861 637 1939 Quae
676 1884 747 1927 curn
784 1865 828 1928 ita
857 1866 934 1946 sint,
966 1864 1209 1928 Wilamowitzio

62 1974 220 2037 assentior
230 1972 359 2036 Persam
382 1972 505 2035 mediae
528 1973 709 2036 comoediae
724 1972 864 2037 fabulam
887 1972 1210 2037 esseDemosthenica

62 2086 166 2146 aetate
189 2082 352 2165 scriptam3
383 2084 502 2143 cerlore
525 2081 674 2164 temporis
697 2081 869 2145 definiendi
900 2079 1042 2144 subsidio
1065 2078 1207 2141 destituti

62 2211 191 2273 sumus,
221 2190 370 2274 quoniam
399 2189 582 2253 saltatorum
604 2187 736 2255 Diodori
765 2197 797 2255 et
818 2191 949 2275 Hegeae
978 2188 1130 2252 memoria
1152 2187 1206 2250 ob·

60 2303 201 2366 litterata
223 2305 270 2364 est
293 2301 339 2379 (ef.
365 2320 407 2362 vs.
431 2300 495 2362 824
518 2301 604 2385 sqq.).

60 2411 150 2475 Huic
172 2410 296 2474 fabulae
319 2408 512 2493 adiungatur

62 2559 398 2665 Amphitruo

150 2717 386 2801 Argumentum
409 2738 450 2782 ex
473 2719 572 2783 nobili
596 2719 634 2783 de
657 2716 804 2782 Herculis
831 2723 922 2801 partu
944 2716 1052 2781 fabula
1074 2716 1207 2800 petitum

61 2831 119 2892 est.
163 2825 333 2890 Pabulares
363 2833 469 2890 autem
498 2848 548 2892 res
583 2834 617 2892 ut
646 2827 837 2911 Antiphanis
868 2827 1065 2912 potissimum
1096 2825 1206 2890 aetatis

59 2934 163 3019 poetis
186 2934 417 3017 tractabantur,
447 2936 491 2999 ita
522 2955 563 3000 ne
593 2957 612 3000 a
633 2956 715 2999 nova
739 2937 868 3019 quidem
890 2935 1053 3000 comoedia
1086 2935 1206 2999 alienas

57 3041 159 3105 fuisse
183 3041 296 3105 docent
318 3063 345 3106 u.
364 3063 388 3106 e.
410 3042 607 3108 Philemonis
630 3043 825 3126 Palamedes,
848 3043 969 3129 Diphili
991 3043 1152 3108 Danaides
1175 3049 1207 3108 et

56 3150 214 3231 Theseus,
243 3152 427 3235 Apollodori
450 3153 671 3238 Amphiaraus.
716 3151 841 3216 Deinde
870 3153 945 3217 huie
967 3154 1071 3237 potius
1093 3153 1206 3238 generi

54 3258 215 3331 fabulam,
248 3259 286 3321 de
310 3280 372 3342 qua
394 3263 507 3344 agitur,
531 3267 565 3326 ut
587 3262 780 3325 ascribamus
814 3281 886 3325 cum
910 3282 953 3326 vs.
978 3264 1038 3326 987
1064 3282 1110 3346 sq.
1134 3282 1205 3326 sua-

56 3366 135 3432 dere
158 3369 232 3451 pute
256 3371 324 3430 tum
347 3369 431 3451 qued
455 3375 553 3453 poeta,
577 3376 729 3454 quantum
753 3371 881 3455 quidem
898 3371 1074 3455 perspicere
1096 3391 1205 3456 possu-

56 3496 148 3557 mus,
180 3475 239 3538 soli
262 3482 449 3561 argumento
473 3480 690 3562 pertractando
714 3499 840 3564 operam
871 3481 958 3545 dedit
988 3501 1047 3545 nec
1070 3501 1205 3566 usquam

55 3605 110 3650 res
132 3584 368 3669 Thebanorum,
399 3607 477 3671 quas
500 3589 656 3671 imprimis
689 3609 707 3652 a
737 3589 865 3652 cornicis
889 3588 1080 3653 Graecorum
1105 3591 1204 3674 poetis

55 3696 138 3759 risas
160 3696 243 3758 'esse
273 3701 381 3759 notum
420 3702 483 3777 est,
515 3697 709 3782 perstrinxit.
763 3697 842 3762 Rern
875 3699 1002 3763 conficit
1036 3701 1203 3786 descriptio

57 3801 170 3886 proelii
208 3822 280 3865 cum
311 3803 454 3868 Telebois
482 3805 642 3868 commissi
674 3805 728 3885 (vs.
753 3807 816 3868 202
840 3808 936 3890 squ),
967 3828 1062 3892 quam
1104 3829 1205 3893 nuper

57 3908 321 3973 Wilamewitzius
354 3913 386 3973 in
416 3911 580 3996 Euripidis
602 3910 741 3976 Hercule
763 3913 796 3976 Π
819 3935 846 3997 p.
871 3917 933 3977 242
965 3917 1005 3979 ad
1029 3915 1202 3980 Alexandri

147 4195 173 4267 *)
193 4197 303 4264 Persae,
324 4198 484 4265 quibuscum
504 4199 633 4254 Seleucus
654 4216 677 4254 a.
699 4204 750 4254 312
770 4200 893 4255 conflixit
913 4201 1003 4272 (Diod.
1023 4203 1087 4260 XIX
1107 4207 1149 4275 92,
1163 4208 1200 4278 4),

18 4282 25 4299 ‘
61 4291 153 4358 procul
173 4289 254 4343 dubio
275 4291 395 4347 Persidis
415 4293 572 4361 provinciae
591 4293 697 4349 incolae
716 4292 843 4362 fuerunt,
869 4296 916 4364 qui
934 4297 985 4352 suh
1004 4298 1142 4356 Nicanore
1160 4306 1203 4356 sa·

63 4385 140 4452 trapa
158 4384 352 4452 militaverunt,
373 4384 407 4440 cf.
427 4384 506 4440 Diod.
526 4386 689 4454 X1X92,1.

949 4485 996 4551 5*
