2836 4838
610 303 649 367 61

56 476 246 541 cedentibus
277 475 418 540 diximus
440 476 616 542 Seleuciam
647 478 680 540 in
711 478 806 542 attica
831 478 937 544 fabula
970 478 1079 544 urbem
1100 478 1199 542 fuisse

54 586 150 650 nobis
175 586 284 668 videri,
306 587 361 652 sed
384 588 452 652 sive
475 589 549 652 urbs
570 588 631 652 fuit
652 589 721 653 sive
743 594 834 673 terra,
856 595 940 654 certe
955 589 1062 653 fabula
1084 589 1200 671 scripta

55 698 106 759 est
127 700 198 778 post
219 714 357 780 pugnam
384 695 555 781 lpsiaoam,
589 718 663 762 nam
685 699 760 762 inde
783 699 822 763 ab
845 720 871 763 a.
896 699 959 762 306
991 697 1042 782 (ef.
1066 719 1093 760 v.
1119 699 1197 762 722:

55 803 256 883 aliquanao
279 806 390 885 reparo)
416 826 516 890 usque
541 808 580 870 ad
603 829 629 871 a.
647 809 707 871 301
735 827 796 871 uon
820 813 990 892 potuerunt
1011 812 1199 873 mercatores

54 912 270 977 Athenienses
300 913 408 977 venire
437 915 471 976 in
502 915 666 980 interiores
689 917 782 980 Asiae
806 918 960 1001 regiones.
1006 915 1123 992 Quodsi
1148 935 1200 978 su·

53 1023 175 1086 mimus
191 1057 232 1065 -
249 1028 280 1086 et
295 1024 484 1087 sumendum
508 1029 555 1088 est
577 1044 616 1088 ex
640 1045 727 1089 more
740 1032 948 1090 mercatorum
965 1025 1146 1090 comoediae
1158 1059 1199 1069 -

55 1131 258 1196 Charmidem
283 1133 362 1197 duos
385 1134 435 1197 vel
457 1139 520 1198 tres
542 1154 642 1198 anuos
665 1156 683 1198 a
706 1138 804 1219 patria
827 1137 952 1217 afuisse,
974 1135 1132 1219 siquidem
1145 1132 1200 1197 So·

54 1241 163 1305 leueia
186 1247 292 1304 notum
316 1242 561 1305 Atheniensibus
588 1244 761 1326 emporium
788 1263 856 1307 esse
877 1243 1001 1325 debuit,
1030 1250 1198 1326 antequam

54 1355 247 1448 mercatores
268 1350 466 1435 fingerentur
489 1370 525 1415 eo
549 1352 714 1435 profieisei,
736 1353 915 1436 relegamur
937 1352 969 1415 in
994 1371 1111 1416 annum
1136 1349 1199 1412 296

55 1461 108 1523 vel
133 1461 214 1540 295;
244 1461 297 1524 sed
322 1465 388 1524 tum
405 1461 547 1526 Athenae
570 1483 588 1525 a
611 1460 771 1526 Demetrio
791 1462 1023 1527 obsidebantur.
1061 1460 1199 1524 Eaedem

55 1589 129 1633 eum
154 1590 180 1632 a.
205 1571 268 1633 294
291 1576 399 1653 eaptae
421 1571 501 1650 sint,
532 1576 623 1635 antea
645 1577 748 1634 autem
774 1570 956 1634 Charmides
980 1590 1040 1634 non
1065 1569 1202 1653 potuerit

57 1678 163 1758 abire,
193 1678 337 1742 Philemo
360 1678 498 1742 fabulam
522 1699 610 1742 suam
635 1685 704 1765 post
726 1699 751 1742 a.
775 1680 838 1742 293
862 1680 993 1764 scripsit
1038 1677 1097 1742 Oui
1120 1676 1200 1740 bene

57 1787 253 1852 conveniunt
275 1806 320 1868 ea,
344 1787 486 1870 quaeda
510 1808 537 1851 v.
563 1789 624 1851 207
650 1788 887 1872 disputavimus.
933 1786 1003 1864 Quo
1034 1789 1061 1851 si
1084 1784 1199 1850 Deme-

56 1897 154 1961 trium
178 1894 385 1959 Polioroetam
410 1895 607 1959 Athenarum
630 1896 795 1959 dominum
827 1901 858 1958 et
880 1895 1005 1960 Philam
1026 1894 1199 1979 significari

57 2007 276 2087 censebimuS,
305 2004 497 2069 Thesaurum
522 2006 605 2068 intra
627 2024 726 2069 annos
749 2007 812 2068 292
837 2010 867 2069 et
890 2006 952 2069 287
984 2005 1107 2068 doetam
1129 2023 1198 2069 esse

56 2121 240 2182 statuemus.

56 2227 157 2292 Porro
180 2224 402 2308 disputandum
427 2228 475 2288 est
497 2223 536 2287 de

58 2384 363 2484 Aulularia,

57 2545 151 2609 ouius
173 2550 297 2629 tempus
319 2545 358 2609 ab
381 2546 453 2609 aliis
474 2545 565 2608 aliter
587 2544 751 2607 definitum
775 2547 829 2605 est.
875 2541 953 2605 Oum
984 2542 1069 2605 enim
1092 2540 1200 2604 Kiess-
1248 2566 1250 2570 ¹

57 2655 180 2738 lingius
202 2655 234 2717 in
259 2675 337 2719 mus.
359 2655 458 2719 Rhen.
475 2653 591 2717 XXlll
615 2673 641 2737 p.
667 2652 739 2733 214,
763 2670 855 2734 quem
879 2651 980 2713 secuti
1003 2655 1077 2713 sunt
1094 2647 1200 2712 Oster-

57 2783 207 2845 mayerus
230 2765 271 2846 (p.
297 2765 358 2847 lb),
381 2763 568 2828 Sohusterus
589 2760 672 2839 (Quo
697 2760 796 2823 modo
812 2758 858 2822 Pl.
882 2765 934 2822 att.
957 2759 1094 2839 exempl.
1117 2762 1200 2820 trau·

56 2876 198 2957 stulerit,
229 2875 301 2939 diss.
333 2875 449 2958 Gryph.
476 2875 558 2936 1884
589 2893 617 2957 p.
643 2873 712 2954 29),
744 2870 1005 2934 Wilamowitzius
1037 2867 1110 2944 (ind.
1133 2867 1204 2932 leet.

57 2983 461 3067 (1011103189314013),
484 2986 553 3066 post
575 2979 737 3043 Gallorum
760 2980 794 3040 in
817 2978 981 3042 Graeciam
1003 2976 1200 3039 iuvasionem

57 3095 240 3178 exemplum
264 3093 333 3156 eius
356 3091 562 3174 compositum
586 3110 654 3154 esse
677 3089 920 3156 existimaverit.
952 3085 1125 3169 Ussingius
1156 3085 1200 3162 (in

58 3203 226 3270 Addendis
258 3203 407 3266 editionis
438 3202 497 3265 vol.
522 3201 553 3264 ll
576 3222 603 3283 p.
628 3201 701 3281 587)
736 3203 767 3262 et
796 3197 999 3261 Franckenus
1023 3194 1118 3275 (Over
1148 3195 1201 3257 het

58 3313 216 3398 origineel
248 3330 306 3376 van
340 3309 482 3375 Plautus’
508 3309 688 3390 Aulularia,
721 3307 822 3371 Versl.
854 3326 893 3370 en
917 3303 1089 3369 Mededeel.
1116 3303 1200 3366 1882

58 3444 87 3508 p.
112 3422 173 3484 211
199 3420 278 3504 sqq.)
309 3418 535 3484 Menandreum
567 3435 636 3480 esse
665 3415 800 3498 ideoque
833 3419 905 3478 ante
939 3433 964 3475 a.
989 3412 1050 3474 291
1082 3413 1200 3475 laetum

57 3530 296 3597 contenderunt.
340 3529 515 3592 Videamus
546 3527 660 3609 igitur,
694 3524 810 3607 quibus
831 3522 1045 3586 fundamentis
1066 3526 1201 3604 utraque

57 3640 216 3706 sententia
238 3638 363 3702 nitatur.

145 3747 257 3812 Euolio
289 3747 344 3811 ubi
374 3766 392 3809 a
413 3747 480 3809 foro
504 3745 632 3808 domum
655 3763 745 3808 suam
768 3741 912 3823 advenit,
941 3758 1112 3823 eoquorum
1137 3755 1202 3801 ser·

58 3878 154 3923 mone
189 3857 296 3921 audito
328 3857 430 3920 aulam
471 3856 540 3919 auri
572 3854 696 3938 plenam
733 3852 848 3916 auferri
880 3851 1013 3934 opinans
1047 3847 1203 3911 exclamat

57 3991 89 4033 v.
114 3969 192 4032 394:

188 4070 313 4156 Apollo,
335 4089 457 4153 quaeso,
478 4068 607 4133 subveni
629 4067 673 4130 mi
695 4072 786 4147 atque
808 4065 935 4146 adiuva,

194 4179 324 4264 Conpipe
345 4178 473 4261 sagittis
493 4180 583 4258 stores
607 4173 855 4252 theusoorarios,

191 4288 251 4354 Oui
272 4289 308 4352 iu
331 4310 365 4351 re
388 4286 446 4351 tuli
468 4287 532 4349 tam
554 4283 727 4348 subvenisti
750 4280 906 4345 oratidhoc.

54 4400 112 4467 Sia
134 4400 283 4464 traditum
308 4404 364 4484 est,
394 4397 457 4462 nisi
480 4396 563 4482 quod
586 4414 641 4481 pro
664 4391 835 4458 subvenisti
858 4389 930 4455 libri
953 4386 1111 4469 subvenit,
1145 4404 1200 4468 pro
