2836 4838
615 256 656 321 33

53 431 117 516 sit,
151 452 213 496 non
238 431 469 515 dubitabimus,
500 433 578 515 quin
611 432 715 496 verbis
745 434 814 497 eius
845 432 966 516 aliquid
998 435 1065 497 veri
1094 435 1210 500 subsit:

55 538 145 602 diota
161 542 209 602 est
223 538 385 622 occupatio
402 536 513 619 Syriae
528 543 599 621 post
619 558 758 622 puguam
783 538 866 622 apud
880 539 987 622 Ipsum
1011 541 1210 604 commissam

56 667 79 711 a
102 629 237 713 Seleuco
258 649 357 727 facta,
385 667 458 711 narn
482 647 521 712 de
544 648 717 712 serioribus
740 649 950 733 temporibus,
983 650 1099 732 quibus
1122 650 1214 732 Syria

54 756 237 821 identidem
260 757 486 821 aPtolemaeis
509 762 599 840 capta
622 762 677 839 est,
699 759 832 840 cogitari
856 763 939 820 vetat
952 756 1064 820 Lemni
1086 761 1215 842 mentio,

34 885 157 949 quam
187 867 324 930 insulam
358 885 398 929 ne
421 871 490 949 post
522 886 548 929 a.
572 867 634 928 283
667 866 795 948 quidem
826 865 880 928 diu
911 867 945 928 iu
970 867 1211 930 Atheniensium

54 974 187 1038 dicione
211 976 365 1039 mansisse
388 980 472 1038 recte
495 976 618 1038 monuit
641 973 842 1038 Wilhelmius
866 975 886 1036 l.
910 975 929 1037 l.
953 973 1055 1037 Simul
1078 995 1211 1058 eognos-

54 1083 163 1146 cimus
195 1081 320 1146 Seleuci
360 1091 428 1147 es‘se
462 1083 595 1145 militem
626 1082 902 1163 Babyloniensem.
931 1081 1017 1157 ,Qui
1059 1085 1209 1165 quoniam

54 1193 124 1256 iam
148 1212 260 1257 novem
285 1193 448 1257 mensibus
471 1198 543 1257 ante
567 1192 699 1257 Athenis
721 1193 819 1257 fuisse
846 1193 986 1277 fingitur,
1018 1193 1125 1257 fabula
1148 1213 1210 1257 non

55 1303 164 1386 potuit
195 1303 302 1367 doceri
332 1307 404 1366 ante
434 1323 460 1366 a.
484 1303 565 1381 299;
599 1301 676 1365 alter
704 1304 857 1366 terminus
890 1308 936 1382 est
958 1323 983 1365 a.
1009 1304 1087 1386 297,
1119 1303 1212 1367 mode

55 1414 198 1474 statuere
225 1410 320 1475 liceat
342 1410 469 1475 demum
492 1415 563 1493 post
586 1429 640 1473 ver
662 1410 757 1474 huius
781 1411 857 1475 anui
879 1410 1077 1476 Demetrium
1101 1412 1211 1477 urbem

55 1537 249 1602 aggressum
272 1538 349 1583 esse.

150 1626 261 1692 Cetera
298 1628 445 1711 quidem,
484 1647 565 1711 quae
593 1627 815 1712 Stratophanes
852 1634 974 1710 narrat,
1015 1629 1054 1693 ad
1089 1635 1212 1713 tempus

58 1735 187 1801 fabulae
217 1737 472 1820 cognoscendum
506 1737 586 1799 nihil
615 1738 709 1801 credo
738 1739 850 1802 facere.
902 1738 1014 1821 Neque
1047 1741 1130 1802 enim
1165 1741 1212 1804 eis

60 1847 210 1910 assentiri
232 1867 370 1932 possum,
393 1840 547 1931 qui‘eurn
569 1866 619 1910 res
642 1869 659 1910 a
683 1867 717 1911 se
741 1853 846 1932 gestas
862 1849 1043 1931 praedicare
1059 1850 1213 1914 arbitran-

59 1961 123 2020 tur.
173 1957 226 2019 An
256 1975 291 2021 ro
323 1975 398 2021 vera
429 1958 462 2020 in
494 1956 636 2040 Phrygia
675 1976 709 2021 se
737 1976 897 2041 pugnasse
927 1958 1065 2041 indeque
1096 1958 1212 2041 pallam

59 2065 248 2151 praedatum
270 2085 349 2148 esse,
371 2086 411 2130 ex
429 2067 547 2130 Arabia
571 2073 630 2150 tus,
653 2087 692 2131 ex
709 2067 816 2150 Ponto,
833 2088 990 2131 amomum
1000 2068 1027 2150 *l
1046 2068 1212 2136 abstulisse

58 2176 166 2260 potuit
187 2177 340 2258 gloriari?
370 2177 472 2240 Immo
502 2197 633 2261 peregre
664 2184 718 2242 aut
746 2180 779 2241 iu
805 2180 882 2275 Asia
909 2183 965 2241 aut
986 2178 1062 2241 alibi
1086 2198 1139 2242 eas
1161 2198 1213 2243 res

60 2286 194 2367 coemit,
228 2305 307 2368 quas
337 2304 481 2368 quaeque
513 2290 596 2348 terra
626 2287 759 2369 optimas
789 2287 916 2349 ferebat.
969 2286 1020 2350 Sin
1051 2286 1212 2371 Phrygiae

57 2394 162 2478 pallae
204 2394 326 2459 nobiles
362 2393 571 2477 habebantur,
614 2403 664 2459 tus
703 2395 872 2459 Arabicum
917 2395 1034 2478 ubique
1078 2396 1213 2478 venibat,

62 2504 197 2568 ancillas
220 2522 346 2588 quoque
369 2509 526 2568 mercatus
549 2511 611 2586 est,
643 2506 796 2587 quamue,
823 2509 857 2567 ut
879 2511 927 2567 ost
948 2504 1059 2568 militis
1081 2505 1213 2588 gloriosi

60 2619 185 2696 natura,
207 2618 313 2697 captas
335 2633 355 2677 a
376 2633 410 2678 se
434 2632 503 2678 esse
525 2615 628 2696 iactet,
651 2615 734 2678 servi
758 2618 863 2676 autem
880 2612 951 2694 Syri
975 2613 1045 2676 aliis
1059 2615 1214 2697 praefere-

61 2721 189 2805 bantur,
212 2723 288 2807 quia
310 2721 465 2788 Surorum
485 2741 585 2804 porrus
604 2722 876 2802 puticulisshuam
892 2727 959 2786 erat
974 2722 1116 2803 (cf.Trin.
1131 2725 1215 2804 542).

151 2831 299 2916 Denique
322 2831 406 2915 quod
423 2831 612 2896 Schmitzius
626 2831 794 2896 Menandri
807 2832 967 2915 Thaidem,
989 2831 1022 2897 ll.
1037 2831 1214 2898 Schoellius

60 2940 207 3006 eiusdem
231 2939 416 3023 Sicyonium
439 2961 458 3003 a
480 2940 593 3004 Plauto
616 2941 772 3005 redditam
795 2961 863 3006 esse
886 2941 1130 3025 affirmaverunt,
1158 2944 1214 3005 vix
1324 2927 1327 2933 ’

58 3068 142 3134 opus
172 3053 220 3113 est
250 3068 395 3112 moneam
430 3048 510 3111 mihi
543 3054 692 3112 neutrum
731 3050 870 3134 probari.¹
915 3049 985 3112 Hoc
1016 3049 1212 3114 Ribbechius

60 3153 195 3237 (Alazon
226 3174 255 3238 p.
280 3155 320 3217 79
344 3153 400 3238 sq.)
431 3154 506 3218 satis
537 3155 701 3237 refutavit,
732 3155 812 3218 illud
842 3155 875 3217 in
907 3156 973 3218 sola
1005 3155 1213 3220 similitudine

57 3263 200 3348 positum
224 3268 284 3345 est,
312 3283 394 3348 quae
417 3265 585 3327 intercedit
606 3265 689 3328 iuter
710 3264 838 3328 Thaidis
868 3270 900 3329 et
921 3264 1088 3329 Phronesii
1111 3285 1214 3352 mores

59 3371 113 3456 (cf.
137 3372 169 3436 h
195 3371 381 3455 SchoelliuS,
404 3373 500 3436 divin.
523 3373 556 3435 in
580 3373 670 3437 Truc.
695 3394 722 3457 p.
748 3374 787 3436 16
811 3375 899 3457 sqq).

58 3481 161 3547 Porro
183 3481 337 3567 gravibus
361 3481 600 3546 difficultatibus
622 3484 823 3567 implicamur
845 3489 1049 3567 quaerentes,
1087 3484 1213 3567 quando

57 3658 339 3742 Poenulus
428 3747 432 3755 ,

58 3837 178 3905 graeca
210 3823 280 3883 acta
317 3821 366 3884 sit.
421 3823 505 3885 Ante
541 3821 647 3883 omnia
681 3820 851 3883 dicendum
887 3824 934 3883 est
967 3818 1116 3883 Plautum
1150 3837 1214 3881 non

58 3948 160 3993 unam
181 3928 330 4013 tabidam,
353 3949 464 3994 rerum
488 3931 567 3994 duas
581 3930 761 3993 dimidiatas
783 3928 915 3993 barbare
937 3930 1076 3992 vertisse.
1123 3926 1214 4001 Quod

57 4038 211 4103 omnibus
232 4041 298 4104 fere
324 4039 399 4104 viris
421 4040 521 4105 doohs
545 4040 621 4103 olim
646 4040 809 4124 probatum
834 4041 889 4122 qui
919 4038 1060 4102 refellere
1093 4037 1217 4100 studuit
1286 4095 1288 4099 .

58 4153 94 4215 et
125 4154 198 4215 actu
228 4155 340 4234 quarto
367 4156 440 4214 ante
463 4151 638 4228 secundum
662 4151 763 4234 posito
786 4168 854 4213 rem
877 4148 957 4212 bene
981 4146 1131 4230 expedire
1153 4145 1216 4210 sibi

86 4363 89 4369 '
150 4359 178 4434 l)
197 4361 343 4432 Assumpsi
362 4358 565 4416 emendationes
584 4359 753 4415 Buecheleri.
