2836 4838
131 461 290 532 Suooedat
312 462 315 468 '

133 630 366 739 Captivi.

220 787 422 874 Singularem
457 789 552 853 huius
582 786 707 853 fabulae
744 788 827 853 inter
856 788 1020 855 Plautinas
1054 791 1282 875 condicionem,

130 918 230 982 qnam
259 898 382 982 prologi
412 917 539 982 quoque
569 902 678 962 auctor
698 899 994 964 commemoratione
1020 900 1150 984 dignam
1173 901 1284 965 existi·

133 1007 235 1071 mavit
267 1008 321 1086 (vs.
347 1008 387 1070 53
411 1007 499 1091 squ),
522 1006 654 1071 Brixius
679 1007 723 1087 (in
746 1008 839 1090 praef.
864 1007 936 1071 edit.
960 1013 1028 1072 tert
1051 1030 1079 1094 p.
1102 1010 1134 1090 4)
1165 1029 1201 1074 eo
1225 1029 1281 1074 ex·

133 1116 255 1200 plicare
271 1120 402 1180 conatus
424 1121 480 1198 est,
503 1121 538 1180 ut
551 1115 683 1179 Plautus
706 1117 830 1181 mediae
853 1118 1034 1182 comoediae
1055 1118 1195 1183 fabulam
1214 1137 1283 1183 ver-

131 1225 216 1308 terit,
237 1225 368 1309 parasiti
389 1243 555 1309 personam
578 1226 709 1290 fortasse
741 1226 781 1290 de
810 1246 867 1290 suo
890 1226 1054 1291 addiderit.
1099 1227 1159 1293 Cui
1181 1231 1283 1312 suspi-

133 1335 221 1399 oioni
244 1334 328 1398 hand
351 1335 514 1397 minimam
538 1339 661 1418 partem
684 1334 718 1397 id
740 1336 846 1400 favere
870 1336 1003 1418 videtur,
1033 1337 1116 1421 quod
1140 1357 1220 1422 quae
1243 1339 1284 1402 ad

132 1463 185 1509 res
208 1437 355 1508 romanas
377 1449 519 1527 spectant
541 1449 663 1508 tantum
694 1463 758 1507 non
791 1445 898 1508 omnia
921 1445 1059 1530 Ergasili
1082 1447 1187 1511 verbis
1210 1467 1284 1511 con-

133 1554 277 1617 tinentur
299 1552 347 1634 (of.
372 1553 407 1616 ll.
430 1553 557 1637 Herzog
579 1554 613 1616 in
637 1553 788 1617 Fleckeis.
811 1572 881 1617 nor.
905 1554 1020 1618 annall.
1043 1555 1116 1638 phil.
1147 1576 1173 1619 a.
1198 1557 1281 1621 1876

133 1684 162 1748 p.
187 1662 251 1726 363
273 1662 360 1746 sqq.).
405 1662 522 1727 Tamen
557 1682 630 1727 eum
659 1662 815 1726 iudicium
846 1660 997 1726 fefellisse
1029 1663 1084 1725 vix
1119 1669 1167 1728 est
1198 1667 1283 1748 quod

133 1773 357 1836 demonstrem.
395 1771 466 1836 Non
490 1773 631 1856 respexit
652 1771 701 1834 vir
723 1772 864 1855 alioquin
881 1772 1136 1836 accuratissimus
1158 1774 1282 1841 mediae

133 1881 317 1945 comoediae
340 1886 446 1964 poetas
468 1885 531 1945 tam
563 1900 626 1944 non
650 1880 727 1944 tales
748 1879 872 1943 fabulas
893 1880 1124 1963 composuisse,
1156 1879 1281 1964 qualem

133 1989 337 2075 Captivorum
367 1991 549 2074 exemplum
572 1989 632 2054 sibi
654 1988 750 2053 finxit
773 1990 862 2069 (dicit
884 1989 953 2072 „eia
979 1989 1083 2053 rcioes
1104 1988 1281 2053 Familiae·

131 2099 349 2182 riibrstiield‘),
383 2105 417 2164 ut
446 2105 554 2164 contra
584 2100 641 2161 vix
663 2100 769 2163 minus
792 2098 952 2162 acerbiore
974 2099 1040 2162 sale
1072 2117 1148 2162 suae
1171 2100 1281 2164 aetatis

130 2209 277 2273 homines
301 2209 433 2293 populos
462 2227 512 2273 res
535 2209 679 2273 instituta
701 2208 943 2292 perstrinxerim
974 2227 1069 2292 quam
1092 2207 1223 2292 Eupolis
1251 2216 1282 2275 et

117 2317 372 2402 Aristophanes,
396 2336 457 2381 non
481 2319 639 2401 reputavit
660 2319 790 2400 parasiti
811 2336 978 2400 personam
999 2318 1154 2401 singulari
1176 2320 1281 2383 studio

133 2432 231 2511 atque
260 2444 366 2490 amore
398 2425 438 2489 ab
469 2426 652 2510 Antiphane
684 2426 811 2489 Eubulo
845 2425 983 2489 Alexide
1013 2427 1171 2490 excultam
1203 2447 1280 2510 esse,

133 2554 200 2598 non
223 2535 446 2599 animadvertit
467 2534 606 2618 denique
628 2535 776 2599 Plautum
800 2536 929 2598 omnino
952 2554 1114 2599 servorum
1138 2541 1169 2600 ot
1192 2557 1280 2620 para·

132 2646 267 2709 sitorum
291 2662 438 2728 personas
461 2644 592 2707 liberius
614 2649 763 2708 tractasse
778 2644 992 2728 libentiusque
1016 2644 1062 2708 eis
1085 2664 1158 2709 suos
1180 2648 1281 2730 ipsius

133 2757 222 2818 iocos
244 2753 369 2818 dedisse
386 2773 481 2837 quam
504 2755 583 2818 aliis.
618 2754 706 2819 Inter
721 2773 821 2819 novae
844 2755 948 2838 potius
963 2755 1144 2820 comoediae
1158 2754 1281 2822 fabulas

134 2882 288 2949 graecum
321 2862 522 2946 Captivorum
559 2864 740 2949 exemplum
775 2864 991 2948 quaerendum
1023 2883 1091 2929 esse
1123 2866 1172 2930 vel
1205 2867 1280 2932 inde

132 2971 330 3058 perspicitur,
354 2972 437 3055 quod
460 2972 543 3036 bello
566 2973 605 3036 ab
624 2973 747 3038 Aetolis
769 2978 859 3057 gesto
882 2978 1106 3058 argumentum
1129 2975 1199 3039 eius
1222 2977 1280 3039 niti

133 3100 198 3145 non
222 3080 339 3163 potuit,
371 3081 556 3164 prinsquam
580 3082 682 3145 Aetoli
714 3083 746 3144 in
777 3081 872 3145 rebus
901 3101 1086 3165 graecarum
1116 3083 1280 3147 civitatum

134 3187 259 3273 aliquid
282 3189 386 3252 valere
418 3195 604 3273 coeperunt,
635 3191 669 3254 id
701 3191 786 3274 quod
820 3190 947 3254 demum
971 3190 1147 3255 Alexandri
1169 3191 1281 3276 Magni

132 3291 330 3381 temporibus
357 3298 475 3361 factum
505 3302 560 3362 est.
608 3297 679 3361 Non
710 3300 809 3382 igitur
831 3296 1004 3381 habemus,
1036 3299 1120 3382 quod
1142 3299 1280 3382 Ergasili

132 3426 301 3493 personam
324 3405 363 3470 ab
386 3407 480 3470 attico
504 3407 648 3490 exemplo
671 3407 803 3488 afuisse,
835 3406 869 3470 id
900 3411 1005 3470 autem
1037 3406 1076 3470 ab
1099 3407 1280 3490 Antiphane

132 3517 186 3581 vel
208 3514 440 3580 Anaxandrida
462 3514 624 3578 conditum
648 3533 716 3578 esse
738 3519 923 3578 statuamus.

222 3623 290 3689 Iam
321 3641 396 3688 vero
424 3624 532 3688 fabula
563 3623 639 3688 inde
661 3623 791 3708 pendet,
819 3623 904 3707 quod
935 3623 1018 3688 bello
1047 3624 1130 3689 inter
1152 3627 1281 3692 Aetolos

132 3740 167 3802 et
180 3734 275 3799 Eleos
297 3737 408 3798 exorto
423 3733 615 3816 Aristophon
632 3733 817 3797 adulescens
832 3733 965 3799 Aetolus
980 3738 1089 3819 captus
1109 3740 1164 3819 est,
1186 3756 1281 3819 quem

132 3850 171 3912 ut
200 3843 335 3910 redimat
370 3842 475 3926 Hegio
508 3848 596 3927 pater
633 3843 702 3907 eius
738 3843 878 3927 captivos
915 3842 1010 3908 Eleos
1047 3849 1281 3909 commereatur.

132 3955 313 4038 Quaeritur,
336 3953 463 4037 quando
485 3952 565 4016 illud
589 3952 707 4016 bellum
730 3958 854 4037 gestum
878 3953 927 4017 sit.
962 3954 1065 4036 Atque
1088 3954 1217 4016 Aetolos
1240 3972 1280 4017 ex

132 4084 197 4150 quo
222 4062 404 4126 Alexandro
426 4060 545 4146 Magno
568 4067 691 4126 mortuo
714 4081 847 4147 graecae
870 4062 1013 4126 civitates
1041 4062 1082 4126 ad
1104 4061 1280 4127 libertatem

129 4169 381 4256 recuperandam
409 4171 443 4233 in
473 4190 560 4233 arma
589 4175 871 4252 consurrexerunt,
902 4188 1026 4253 semper
1052 4169 1196 4235 videmus
1227 4173 1282 4256 eis,

132 4283 191 4369 qui
214 4278 430 4366 gubernacula
453 4278 545 4363 regni
569 4277 777 4344 Macedonum
801 4278 958 4361 tenebant,
981 4278 1156 4364 Antipatro,
1185 4280 1280 4362 Poly-

131 4389 314 4482 perchonti,
347 4387 538 4473 Cassandro,
554 4380 557 4389 '
571 4387 732 4459 Demetrio
754 4390 885 4454 infestos
916 4406 984 4453 esse
1018 4392 1050 4453 et
1070 4389 1166 4454 simul
1188 4395 1282 4479 atque
