2836 4838
676 207 812 296 'se

217 429 244 475 a.
270 410 353 473 1889
377 430 406 493 p.
431 394 494 472 355
518 394 585 492 sqq.
611 427 647 472 ec
670 409 830 492 processit,
855 410 889 470 ut
912 405 1093 470 Plautinum
1117 407 1179 471 hoc
1201 406 1370 474 inventum

218 539 305 603 csse,
335 523 458 603 poetam
490 517 683 582 Sarsinatem
717 518 757 581 ad
790 521 910 582 certum
944 517 1164 600 imperatorem
1201 538 1370 583 romanum

217 628 380 693 biennium
405 647 538 712 peregre
570 634 728 692 versatum
753 627 920 708 adludere,
952 627 1125 691 Bacchides
1155 648 1220 692 non
1248 650 1277 694 a.
1304 631 1372 717 189,

218 742 253 803 ut
275 738 372 822 vulgo
396 738 572 821 putabatur,
596 755 705 801 verum
730 738 857 801 demum
881 758 907 800 a.
926 738 986 800 187
1007 736 1126 801 Romae
1148 736 1282 821 doctam
1307 759 1371 804 esse

217 847 426 912 contenderet.
473 847 535 911 Sed
559 848 704 930 quamvis
736 847 844 910 multis
867 845 1057 910 testimoniis
1087 866 1127 910 ex
1149 845 1371 914 Romanorum
1413 852 1415 939 ff

216 956 348 1021 historia
369 957 476 1039 petitis
499 956 688 1019 sententiam
712 974 801 1018 suam
825 953 936 1017 fulcire
959 954 1122 1037 studuerit,
1151 959 1262 1019 tamen
1288 957 1370 1039 apud
1413 960 1415 965 '

216 1062 427 1126 Menandrum
450 1061 684 1125 adulescentem
707 1060 835 1124 brevius
866 1062 1016 1144 temporis
1047 1062 1184 1143 spatium
1217 1082 1237 1126 a
1273 1066 1372 1147 patria
1413 1050 1415 1055 ¹

219 1171 336 1236 afuisse
361 1193 455 1257 quam
479 1172 560 1254 apud
585 1170 735 1234 Plautum
759 1164 859 1254 aegre
877 1170 964 1247 mihi
979 1170 1187 1253 persuaserim
1200 1169 1242 1250 *t
1292 1171 1371 1235 Nam
1413 1162 1415 1167 ’

219 1283 247 1346 si
270 1287 437 1364 argentum
461 1281 562 1344 solum
586 1280 818 1344 inveniendum
841 1280 918 1360 fuit,
949 1299 1011 1363 quo
1034 1278 1211 1342 Nicobulus
1234 1281 1371 1345 circum·

221 1393 405 1473 duceretur,
434 1391 546 1473 quidni
578 1395 670 1472 pocta
698 1389 788 1470 fecit,
821 1394 856 1452 ut
884 1407 999 1472 paucos
1030 1393 1151 1451 tantum
1183 1388 1256 1452 dies
1281 1390 1371 1454 domo

218 1501 367 1564 abesset?
414 1498 544 1563 Diutius
579 1519 651 1563 eum
687 1516 819 1582 peregre
853 1498 971 1561 versari
1006 1516 1070 1559 non
1103 1500 1229 1580 propter
1263 1517 1370 1562 senem

218 1628 348 1672 necesse
374 1613 448 1689 erat,
482 1613 514 1671 at
536 1613 661 1691 propter
682 1607 830 1671 fabulam.
875 1605 961 1689 Opus
984 1611 1066 1687 eret,
1096 1609 1130 1669 ut
1153 1605 1370 1671 Mnesilochus

221 1716 417 1798 aliquantum
449 1714 598 1798 temporis
621 1713 707 1777 Sami
741 1716 1002 1794 commoraretur,
1034 1712 1089 1775 ubi
1112 1711 1311 1776 Bacchidem
1343 1719 1371 1778 et
1413 1794 1415 1805 Ι

219 1822 353 1886 militem
392 1821 613 1886 Cleomachum
648 1825 865 1905 cognosceret,
896 1840 974 1904 opus
1013 1824 1093 1904 erat,
1126 1825 1161 1884 ut
1197 1820 1277 1885 satis
1318 1823 1369 1886 din
1413 1846 1415 1909 g

219 1932 337 2016 Ephesi
369 1937 528 2014 maneret,
561 1952 633 1994 nem
657 1933 684 1995 si
707 1931 782 1995 inde
805 1936 936 2014 argento
959 1936 1070 1994 exacto
1098 1931 1204 1994 statim
1228 1931 1370 2014 redisset

219 2063 283 2114 non
305 2043 582 2125 intellegeremus,
613 2062 676 2125 qua
708 2042 747 2105 de
777 2061 871 2104 causa
901 2040 1066 2124 epistulam
1099 2039 1137 2103 ad
1160 2039 1368 2105 Pistoclerum

218 2153 367 2235 misisset,
389 2172 468 2235 opus
493 2157 575 2233 erat,
608 2156 642 2215 ut
664 2151 797 2214 Bacchis
820 2152 883 2214 iam
915 2150 1014 2214 multo
1037 2155 1205 2233 antequam
1232 2151 1370 2215 Athenas

220 2262 400 2344 adveniret,
433 2261 525 2325 militi
557 2261 590 2323 in
621 2260 713 2324 Samo
745 2260 870 2323 addicta
898 2260 1025 2339 fuisset3
1058 2277 1161 2343 neque
1191 2259 1279 2323 enim
1311 2261 1372 2325 iam

220 2377 387 2455 argentum
413 2371 521 2453 habet,
556 2370 640 2453 quod
675 2371 703 2433 ei
728 2369 839 2433 reddat
863 2373 1065 2453 (quamquam
1097 2368 1130 2431 id
1142 2369 1286 2452 squidem
1311 2389 1370 2434 non

224 2482 333 2564 magni
370 2481 519 2562 fecerim).
575 2479 706 2544 Diutius
740 2480 972 2543 adulescentem
1009 2479 1101 2543 domo
1139 2479 1253 2544 abesse
1289 2480 1372 2544 senis

220 2592 321 2675 ipsius
346 2591 441 2654 verba
466 2611 493 2654 r.
518 2592 580 2653 237

569 2703 715 2761 nostrum
739 2683 803 2761 lora
826 2699 882 2762 diu

396 2807 449 2870 Ibr'
472 2806 612 2870 desidere
635 2827 689 2871 nec
712 2807 817 2870 redire
838 2807 940 2888 filiam

223 2920 336 2983 docent
366 2922 398 2982 et
420 2916 585 2981 confirmat
607 2916 793 2998 ChrysalnS,
824 2918 879 3000 qui
909 2916 1027 3000 gaudio
1050 2915 1171 2980 reditus
1205 2915 1309 2980 elatus
1333 2935 1372 2980 vs.

223 3031 284 3093 170
309 3049 376 3112 sqq.
396 3028 533 3090 Athenas
556 3032 587 3090 et
606 3027 788 3110 Apollinem
811 3027 973 3108 salutatur,
995 3025 1028 3088 id
1052 3024 1136 3108 quod
1161 3024 1216 3086 vix
1240 3026 1374 3106 fecisset,

221 3139 249 3203 si
271 3156 388 3221 paucos
411 3135 478 3199 dies
502 3135 655 3199 caruisset
677 3135 778 3219 patria
801 3135 871 3198 erili
880 3133 934 3213 **).
973 3131 1077 3209 Quare
1099 3132 1306 3217 gravioribus
1329 3133 1372 3198 uti

309 3411 336 3482 *)
353 3411 522 3481 Quamquam
541 3410 575 3465 de
595 3410 778 3465 Bacchidibus
798 3410 902 3464 Romae
921 3413 984 3462 acta
1002 3407 1047 3462 hic
1066 3421 1111 3460 res
1130 3421 1184 3459 non
1204 3410 1256 3473 est,
1281 3411 1374 3462 tamen

220 3505 353 3579 profiteor
369 3506 556 3574 Anspachium
575 3505 641 3558 mihi
660 3505 815 3572 opinionem
835 3520 912 3559 suem
934 3519 988 3555 non
1007 3500 1147 3570 probasse.
1186 3498 1375 3568 Complurium

221 3617 363 3667 versuum,
391 3600 436 3667 qui
462 3599 564 3667 optime
583 3598 793 3666 intelleguntur,
820 3599 843 3651 si
865 3597 934 3651 nihil
954 3595 1081 3678 subtilips
1107 3593 1135 3647 in
1160 3593 1200 3647 eis
1220 3593 1374 3662 quaeritur,

220 3693 397 3750 artificiosam
416 3697 444 3746 et
463 3697 617 3745 contortam
638 3692 896 3759 interpretationem
909 3688 1066 3756 excogitare
1085 3691 1196 3740 coactus
1216 3690 1267 3753 est,
1288 3685 1376 3740 veluti

221 3803 258 3842 rs.
281 3789 349 3841 1072
369 3801 424 3852 sq,
448 3787 500 3837 315
521 3799 594 3850 sqq,
617 3787 668 3836 321
689 3798 747 3850 sqq.
786 3783 901 3836 Omnino
921 3781 1025 3834 nullum
1044 3795 1138 3834 eorum
1161 3778 1301 3845 locorum,
1328 3777 1376 3846 qui

220 3880 364 3934 historiam
383 3892 524 3930 romanam
542 3876 683 3930 illustrare
703 3875 728 3930 ei
747 3874 923 3942 videbantur,
950 3873 1105 3928 necessario
1124 3869 1277 3926 Menandro
1298 3871 1376 3926 abin·

222 3973 367 4027 dicandum
390 3986 451 4025 esse
471 3969 589 4023 concedo
616 3975 644 4024 et
669 3968 702 4024 de
722 3969 828 4037 aliquot
852 3969 912 4038 ipse
931 3967 1104 4035 Anspachius
1123 3964 1216 4019 fassus
1241 3949 1293 4019 est.
1332 3965 1376 4020 De

221 4067 335 4134 singulis
355 4066 399 4118 hic
418 4080 472 4117 non
491 4079 603 4132 possum
622 4062 773 4131 disputare.

278 4146 282 4152 ⁴
311 4157 352 4227 **)
372 4158 430 4211 Hos
449 4173 557 4225 quoquc
576 4171 671 4222 versus
685 4153 848 4208 documento
869 4169 929 4209 esse
947 4152 1038 4208 iudico
1051 4150 1202 4206 Bacchides
1222 4165 1256 4205 ex
1275 4148 1377 4207 fabula

221 4250 368 4310 Menandri
395 4252 460 4305 civis
486 4249 662 4305 Atheniensis
695 4248 804 4317 patriae
833 4246 1014 4302 amantissimi
1042 4261 1202 4316 expressam
1230 4259 1308 4316 esse,
1337 4244 1376 4303 cf.

220 4347 305 4406 Stich.
324 4349 376 4403 649
396 4362 445 4416 sq,
464 4343 596 4404 Naucleri
614 4342 667 4414 lrg.
689 4345 751 4412 349,
770 4342 893 4414 Alciphr.
913 4342 939 4398 11
958 4345 983 4399 3.
