2836 4838
618 267 659 344 65

30 452 172 541 ’.ἰιὶροῐθ
195 452 226 521 in
252 476 314 540 qua
336 451 532 539 Polypercho
555 456 767 519 Arrhidaeum
790 456 873 519 circa
896 474 929 518 se
952 445 1114 537 habuerit,
1137 466 1210 518 cum

63 565 99 626 in
133 566 191 628 hac
225 562 409 627 Alexander
442 563 524 647 apud
560 561 779 646 Olympiadem
813 563 916 667 [uerit.
972 561 1083 646 Itaque
1112 562 1210 626 Theo-

64 673 212 756 phrastus
243 673 444 736 Characteres
474 672 617 736 condidit
648 693 674 735 a,
699 673 760 735 317
796 671 845 735 vel
877 672 938 735 316
970 690 1028 734 nec
1056 674 1212 754 expressit

63 781 292 863 Menandrum,
323 782 438 865 quippe
462 781 516 864 qui
548 781 643 865 paulo
676 784 747 843 ante
771 781 898 844 demum
931 781 1069 864 coeperit
1090 780 1211 844 fabulas

64 893 189 956 docere.
235 891 285 954 nx
318 890 422 954 media
445 890 608 953 comoedia
641 909 740 953 unum
763 889 936 953 alterumve
959 890 1139 973 exemplum
1172 889 1211 953 ab

64 1021 104 1066 eo
127 1006 286 1084 sumptum
310 1019 378 1063 esse
402 1019 593 1083 quamquam
624 1019 687 1062 non
717 1000 744 1061 is
773 1018 842 1062 sum
876 999 932 1081 qui
954 999 1065 1078 utique
1088 1017 1213 1083 negem,

64 1117 173 1175 tamen
207 1112 239 1172 in
266 1110 448 1173 universum
481 1114 564 1173 certe
597 1109 636 1172 ad
661 1109 744 1172 ritae
766 1107 1012 1172 Atheniensium
1036 1107 1212 1172 cotidianae

64 1219 214 1303 exempla
242 1218 359 1282 librum
390 1238 483 1282 suum
516 1219 708 1303 composuit,
739 1222 774 1281 ut
806 1217 896 1280 docet
919 1217 1024 1299 lepida
1046 1215 1213 1301 Hermippi

65 1328 304 1392 narratiuncula
326 1328 409 1412 apud
433 1328 632 1391 Athenaeum
655 1325 671 1389 I
694 1328 733 1388 21
749 1347 775 1389 a.
820 1326 928 1389 Novae
952 1326 1066 1389 deinde
1089 1344 1212 1389 comoe-

65 1437 140 1500 diae
162 1442 271 1520 poetae
300 1437 391 1499 facile
415 1436 595 1500 exscribere
626 1440 796 1519 potuerunt
825 1435 1079 1517 Theophrastum.
1124 1432 1212 1510 Quae

65 1567 141 1611 cum
173 1548 216 1609 ita
239 1547 318 1627 sint,
346 1545 482 1609 affinitas
512 1565 592 1629 quae
625 1547 708 1609 inter
731 1545 932 1608 Characteres
962 1550 994 1607 et
1017 1544 1213 1607 Aululariam

65 1654 244 1731 intercedit,
272 1653 318 1717 sic
342 1660 376 1717 ut
398 1654 601 1718 Franckenus
626 1655 726 1717 voluit
747 1655 858 1736 nequit
880 1653 1032 1736 expediri.
1077 1651 1110 1716 Si
1134 1653 1212 1717 libe·

65 1764 131 1844 bit,
160 1768 277 1826 statuas
301 1769 422 1846 poetam
453 1763 628 1847 philosophi
659 1763 774 1826 librum
805 1768 877 1826 ante
907 1761 1015 1826 oculos
1048 1762 1210 1841 habuisse;

66 1873 125 1937 sed
150 1872 226 1935 mihi
250 1872 376 1955 quidem
401 1872 576 1935 similitudo
600 1873 766 1961 tamlevis
790 1871 922 1953 videtur,
953 1876 987 1934 ut
1008 1872 1089 1934 nihil
1112 1891 1152 1936 ex
1176 1891 1214 1936 ea

67 1982 220 2065 colligere
242 1983 354 2045 ausim.

155 2090 241 2174 Ergo
266 2111 364 2154 unum
380 2095 612 2174 argumentum,
637 2108 699 2169 quo
723 2088 1009 2155 nisusAululariae
1032 2091 1214 2175 exemplum

68 2198 244 2262 Menandro
268 2200 420 2282 ascribas,
451 2200 580 2285 praebet
603 2199 738 2263 Choricii
773 2200 879 2280 locus,
912 2202 996 2284 quod
1029 2203 1087 2264 etsi
1110 2202 1212 2267 solum

66 2326 181 2390 perse
205 2326 266 2370 non
291 2308 414 2389 sufficit,
437 2312 541 2372 tamen
566 2313 647 2371 stare
671 2313 774 2388 potest
790 2314 915 2393 propter
931 2310 1213 2374 universamlabu-

67 2417 119 2479 lae
142 2416 295 2498 indolem,
328 2438 422 2501 quam
446 2419 665 2502 unusquisque
689 2417 862 2480 Menandro
886 2418 1016 2501 dignam
1039 2439 1108 2482 esse
1130 2420 1214 2483 iudi-

68 2525 161 2605 cabit.
206 2525 252 2588 Re
283 2545 357 2589 vera
388 2528 457 2590 eius
480 2546 549 2591 esse
572 2528 653 2590 hanc
675 2527 869 2590 comoediam
900 2547 962 2590 non
985 2528 1077 2592 facile
1099 2531 1214 2613 poterit

66 2635 190 2718 negari,
214 2634 268 2698 ubi
291 2637 360 2699 eius
382 2642 483 2701 aetate
506 2638 653 2720 scriptam
677 2656 745 2700 esse
769 2638 965 2721 exploratum
989 2639 1055 2702 erit.
1092 2637 1133 2701 llt
1156 2619 1214 2703 hoc

67 2743 198 2826 quidem
241 2745 424 2827 priusquam
460 2744 635 2809 llranclreni
669 2747 1020 2811 commentatiunculam
1054 2748 1138 2832 legi,
1172 2768 1213 2814 ex

67 2851 183 2916 ceteris
207 2854 366 2936 vestigiis,
400 2873 480 2937 quae
510 2855 544 2917 in
576 2854 631 2918 illa
653 2855 778 2937 insunt,
809 2855 916 2919 studui
940 2857 1096 2940 expiscari
1120 2863 1214 2942 atque
1297 2930 1299 2935 .

67 2961 276 3045 superveni,
308 2966 342 3024 ut
364 2967 486 3046 tempus
519 2963 588 3026 eius
610 2964 847 3047 angustioribus
869 2965 986 3028 finibus
1017 2965 1214 3031 circumscri-

66 3071 144 3134 bere
176 3088 265 3153 posse
295 3070 374 3132 milri
399 3072 514 3135 videar.
561 3070 700 3136 Scaenae
726 3070 816 3144 lll,5
848 3074 932 3156 prior
955 3093 1025 3156 pars
1049 3059 1212 3157 Megadori

65 3198 176 3243 secum
192 3198 368 3243 sermonem
385 3181 594 3265 complectens
615 3182 745 3243 luerunt
768 3180 883 3262 quibus
906 3186 970 3245 tota
992 3181 1030 3245 ad
1047 3202 1211 3246 romanum
1337 3184 1339 3188 ⁴
1389 3261 1394 3270 ¹

66 3292 192 3371 poetam
216 3289 318 3351 redire
343 3288 519 3370 videretur,
550 3289 583 3352 id
616 3289 700 3372 quod
731 3308 789 3352 nec
813 3289 1019 3354 demonstrari
1053 3297 1153 3373 potest
1182 3297 1214 3356 et

67 3415 126 3481 per
153 3415 186 3459 se
220 3399 285 3460 veri
317 3396 564 3460 dissimillimum
593 3402 647 3460 est
693 3397 838 3461 Concedo
873 3418 916 3462 vs.
941 3400 1005 3461 494
1028 3419 1072 3482 sq.
1096 3405 1128 3463 et
1150 3401 1213 3463 505
1297 3451 1299 3458 .

66 3525 137 3588 sqq.
161 3505 303 3569 aPlauto
323 3506 445 3569 additos
461 3525 539 3588 esse,
563 3512 665 3570 cetera
682 3507 750 3570 sine
767 3506 863 3569 dubio
879 3526 1030 3590 graecum
1046 3508 1213 3591 ingenium

66 3613 221 3678 redolent.
278 3613 401 3678 Diuites
432 3635 471 3679 ne
502 3635 520 3678 a
551 3615 703 3679 divitibus
735 3616 926 3681 ducerentur
957 3618 1019 3679 iam
1050 3616 1214 3682 Platonem

68 3719 180 3805 (Legg.
198 3721 376 3799 Villae.)
394 3723 580 3786 dissuasisse
604 3722 828 3787 animadvertit
844 3724 1059 3809 Visseringius
1082 3727 1214 3807 (quaest.

66 3830 171 3894 Plaut.
196 3830 226 3894 ll
249 3851 276 3914 p.
301 3833 384 3911 101),
414 3832 537 3896 dotatae
561 3852 677 3896 uxores
700 3833 732 3895 in
758 3838 824 3896 tota
846 3835 1009 3898 comoedia
1032 3836 1125 3898 attica
1147 3855 1213 3898 ma-

64 3939 137 4002 ritis
161 3940 233 4002 odio
248 3944 330 4020 sunt,
353 3939 514 4003 luxuriam
539 3961 612 4005 vero
630 3942 798 4005 mulierum
822 3943 886 4005 iam
910 3944 942 4004 in
959 3945 1052 4007 attico
1068 3944 1213 4027 exemplo

66 4045 255 4130 descriptam
279 4048 393 4128 fuisse,
425 4049 570 4130 quamvis
593 4049 691 4113 multa
722 4052 857 4113 assuerit
879 4050 1027 4134 Plautus,
1058 4054 1127 4116 sine
1151 4054 1215 4118 ulla

66 4152 265 4218 dubitatione
288 4155 443 4218 contendo
467 4160 591 4239 propter
616 4175 658 4218 vs.
684 4158 746 4219 503
769 4177 823 4240 sq,
856 4160 984 4241 quossi
1008 4160 1058 4224 hic
1081 4161 1215 4246 fecisset,

66 4283 132 4326 non
156 4265 293 4328 moribus
308 4266 505 4345 praelectam
528 4265 696 4329 mulierum
714 4266 898 4350 scripsisset,
922 4287 1213 4335 verum‘ceosorera.

67 4370 238 4456 Expressit
269 4373 369 4457 igitur
391 4373 611 4458 γυναικονόμων.
658 4374 727 4441 lam
758 4395 831 4440 vero
860 4377 917 4442 hos
951 4396 1060 4444 versus
1082 4380 1215 4447 Athenis
