2836 4838
684 241 725 304 42

137 415 259 479 occasio
282 415 355 480 data
383 416 425 480 sit
447 421 501 481 aut
529 417 578 483 his
608 418 797 483 authorum
827 415 922 480 sociis
945 414 1171 480 Acarnanibus
1194 415 1284 500 signa

136 526 267 607 inferre,
299 526 355 588 sed
386 547 488 610 usque
527 528 567 591 ad
597 549 624 592 a.
650 528 714 591 314
753 527 814 590 nisi
844 523 1099 609 septentrionalis
1135 523 1284 589 Graeciae

136 631 231 696 rebus
254 650 288 695 se
311 651 374 695 non
396 617 584 699 immiscere.
623 633 694 698 Hoc
716 634 845 698 demum
868 651 949 695 anno
974 631 1013 694 ad
1027 630 1285 714 Peloponnesum

137 740 259 804 animos
288 737 499 806 adverterunt.
545 741 623 806 Cum
657 743 742 806 enim
773 740 969 823 Polypercho
1001 742 1033 802 01
1063 739 1285 804 Aristodemus

136 845 293 928 Antigoni
323 846 390 910 dux
423 867 477 930 per
499 848 664 912 biennium
699 867 752 912 eas
776 846 889 928 urbes,
922 864 1002 928 qnae
1032 844 1286 910 aMacedonum

134 954 277 1037 partibus
292 955 425 1038 stabant,
447 956 595 1040 subigere
610 959 807 1037 conarentur,
826 953 1010 1017 Alexander
1022 951 1286 1037 Polyperchontis

135 1061 220 1126 filius
242 1062 281 1126 ab
305 1063 468 1148 Antigono
492 1065 621 1143 defecit,
651 1064 777 1128 foedere
809 1081 882 1126 cum
905 1061 1080 1124 Cassandro
1112 1066 1206 1145 pacto
1231 1062 1285 1126 Co-

134 1174 275 1237 rinthum
298 1178 329 1238 et
351 1172 519 1255 Sicyonem
542 1174 715 1257 occupavit,
744 1172 831 1235 Eleis
854 1170 1028 1253 adsumptis
1051 1169 1208 1252 Cyllenen
1233 1191 1284 1256 op

135 1302 277 1366 pugnare
311 1283 422 1366 coepit.
469 1282 570 1359 Quam
603 1287 639 1347 ut
671 1282 835 1346 obsidione
869 1279 1018 1345 liberaret
1050 1279 1283 1362 Aristodemus,

136 1411 206 1457 cum
238 1393 346 1476 copiae
376 1411 452 1456 suae
481 1396 550 1476 post
574 1392 746 1457 Alexandri
770 1391 979 1455 defectionem
1012 1409 1074 1454 non
1107 1391 1174 1454 iam
1197 1391 1283 1455 suffi-

135 1504 250 1583 cerent,
273 1501 313 1564 ad
335 1502 464 1565 Aetolos
486 1520 520 1565 se
543 1501 677 1564 contulit
695 1501 734 1564 ab
758 1501 868 1584 eisque
890 1499 1086 1582 impetravit,
1115 1503 1151 1563 ut
1173 1519 1282 1566 secum

135 1614 243 1674 contra
265 1609 359 1674 Eleos
382 1611 615 1694 expeditionem
639 1612 784 1674 facerent.

222 1717 331 1783 Unum
354 1719 476 1784 obstare
499 1721 633 1802 videtur,
656 1720 826 1803 quominus
848 1719 908 1782 hoc
930 1718 1049 1782 bellum
1082 1718 1115 1780 in
1141 1715 1284 1802 Captivis

136 1826 200 1890 dici
222 1827 449 1892 existimemus.
493 1827 543 1892 lbi
566 1829 652 1892 enim
685 1846 735 1891 res
758 1828 802 1890 ita
824 1825 1031 1908 describitur,
1062 1829 1098 1889 ut
1126 1822 1162 1886 τὸ
1184 1823 1282 1888 κοινὸν

136 1939 195 1997 τῶν
218 1930 363 1998 Αἰτωλῶν
394 1942 502 2000 contra
523 1937 616 2001 Eleos
646 1937 834 2020 belligerare
858 1934 1016 2017 videatur,
1048 1953 1118 1997 cum
1142 1933 1284 1999 Diodoro

135 2049 213 2110 teste
238 2044 332 2125 (XIX
355 2045 406 2121 bb)
432 2045 650 2110 Aristodemus
673 2046 858 2109 Aetolorum
892 2044 1009 2108 milites
1038 2044 1185 2108 mercede
1208 2064 1282 2109 con·

139 2153 268 2217 duxerit
291 2149 390 2228 (αὐτὸς
415 2149 447 2214 δὲ
472 2149 545 2236 μετὰ
568 2156 626 2214 τῶν
652 2152 846 2236 μισθοφόρων
871 2147 975 2236 διαβὰς
999 2150 1033 2212 ἐκ
1053 2156 1106 2233 τῆς
1132 2149 1283 2222 Αἰτωλίας

135 2261 177 2332 εἰς
208 2257 260 2344 τὴν
292 2259 541 2345 Πελοπόννησον).
586 2260 648 2325 Sed
675 2281 715 2325 ne
738 2262 833 2325 nimis
866 2263 899 2324 in
931 2262 990 2325 hac
1011 2280 1045 2324 re
1068 2259 1281 2326 offendamus:

135 2370 210 2436 talia
241 2391 305 2435 non
336 2371 488 2435 curabant
524 2376 635 2455 poetae
666 2372 769 2454 attici,
799 2375 834 2434 ut
869 2371 1065 2434 luculentum
1100 2371 1282 2454 exemplum

135 2481 227 2545 docet
247 2480 399 2544 Thesauri
421 2479 651 2563 Menandreae,
680 2481 714 2542 in
738 2500 800 2563 qua
822 2479 940 2543 bellum
963 2480 1047 2543 inter
1068 2479 1282 2546 Athenienses

135 2594 166 2653 et
187 2589 327 2654 Rhodios
349 2595 475 2674 gestum
499 2595 770 2654 commemoratur.
809 2589 950 2672 Accedit,
974 2589 1058 2672 quod
1080 2589 1167 2653 aliud
1183 2591 1281 2654 Aeto-

134 2699 237 2762 lorum
266 2718 337 2762 oum
362 2698 448 2763 Eleis
470 2699 589 2763 bellum
617 2718 676 2762 nec
698 2699 848 2763 traditum
878 2703 926 2762 est
955 2717 1012 2761 nec
1033 2698 1126 2761 facile
1148 2700 1281 2782 excogi-

133 2808 256 2870 taveris.
300 2807 429 2871 Etenim
452 2828 477 2871 a.
501 2808 563 2871 312
587 2828 659 2872 oum
682 2808 882 2872 Ptolemaeus
903 2807 1055 2891 Antigoni
1078 2807 1145 2870 dux
1168 2812 1280 2874 contra

132 2916 356 3000 Telesphorum
385 2916 650 3000 proficisceretur,
680 2918 804 2981 etiamsi
826 2916 932 2980 Aetoli
961 2916 1184 2999 subvenerint,
1217 2937 1281 3001 qua

133 3027 172 3090 de
195 3045 229 3090 rc
253 3025 334 3088 nihil
355 3026 482 3108 scimus,
504 3031 608 3091 10111011
632 3046 694 3090 non
718 3031 827 3090 contra
847 3025 950 3108 Eleos,
979 3026 1034 3089 sed
1057 3029 1166 3089 eontra
1188 3026 1282 3091 illum

131 3140 308 3220 pugnatum
339 3139 400 3217 est,
430 3155 520 3219 porro
562 3157 634 3200 oum
672 3137 823 3200 adversus
855 3136 1071 3199 Aristotimum
1109 3139 1282 3216 tyrannum

131 3244 250 3308 bellum
264 3248 427 3327 parassent
449 3282 490 3290 —
514 3247 606 3310 cuius
629 3247 668 3310 de
684 3250 823 3328 tempore
848 3244 927 3306 nihil
951 3245 1028 3307 certi
1051 3249 1182 3328 constat,
1207 3245 1282 3312 vide

133 3351 333 3433 Droysenum
348 3353 471 3438 Epig.l
493 3375 522 3438 p.
547 3356 611 3417 224
634 3374 688 3437 sq,
717 3353 875 3417 Muretum
893 3352 974 3416 Bull.
993 3353 1032 3416 de
1048 3372 1126 3416 corr.
1144 3354 1217 3418 hell.
1234 3354 1284 3418 IV

132 3482 160 3545 p.
183 3463 225 3524 43
248 3482 314 3546 sqq.
339 3500 389 3543 —,
420 3464 480 3526 hoc
516 3464 618 3526 occiso
652 3464 834 3546 priusquam
867 3481 980 3524 manus
1012 3466 1173 3526 consertae
1208 3470 1286 3530 sunt

131 3571 225 3635 Eleos
246 3573 372 3636 foedere
395 3577 489 3655 atque
513 3573 661 3636 societate
689 3571 750 3635 sibi
773 3571 990 3635 adiunxerunt
1011 3589 1115 3654 neque
1138 3590 1286 3655 unquam

132 3681 247 3744 deinde
270 3686 378 3745 contra
401 3700 454 3744 eos
477 3701 564 3744 arma
586 3685 742 3764 ceperunt.
788 3678 876 3755 Quae
899 3699 972 3743 cum
995 3678 1040 3743 ita
1064 3680 1136 3762 sint,
1160 3681 1285 3750 bellum

131 3812 158 3854 a.
182 3791 245 3853 314
268 3791 351 3854 inter
374 3780 610 3854 Aristodemum
635 3794 667 3854 01
688 3789 907 3853 Alexandrum
931 3794 1056 3872 gestum
1089 3809 1145 3873 pro
1167 3790 1285 3858 lunda·

131 3905 236 3965 mento
261 3898 460 3982 Captivorum
484 3918 635 3983 graecum
659 3904 782 3983 poetam
804 3899 985 3981 sumpsisse,
1015 3898 1155 3962 fabulam
1177 3900 1285 3984 ipsam

131 4029 194 4074 uno
217 4028 257 4073 ex
281 4009 488 4092 sequentibus
511 4011 603 4073 annis
626 4009 758 4073 Athenis
780 4013 880 4072 actam
912 4027 980 4072 esse
1003 4007 1165 4091 probabile
1187 4010 1283 4099 duce,

131 4138 185 4203 pro
221 4122 304 4182 certo
335 4119 504 4201 quominus
536 4118 690 4183 affirmem
723 4119 757 4182 id
788 4117 935 4202 impedit,
967 4118 1050 4202 quod
1083 4119 1122 4184 de
1151 4124 1283 4189 saeculo

130 4227 222 4291 tertio
252 4244 351 4309 paene
381 4225 461 4290 nihil
483 4227 619 4306 scimus;
651 4232 754 4291 nmen
788 4226 857 4290 sine
890 4226 955 4290 ulla
978 4225 1173 4292 dubitatione
1203 4248 1283 4296 con·

131 4335 228 4400 tendo
253 4354 322 4399 cam
345 4338 418 4399 ante
440 4334 617 4401 Aristotimi
639 4339 780 4420 tempora
802 4333 948 4419 scriptam
970 4352 1048 4401 esse.
