2836 4838
624 238 669 305 37,

68 410 200 477 debebit
228 411 423 496 argumentis
454 411 508 493 qui
538 411 574 474 in
604 410 771 476 Menandri
801 425 927 496 quoqne
957 409 1064 476 fabula
1095 409 1219 483 adules-

71 526 197 585 centem
218 520 385 585 biennium
407 539 426 584 a
448 518 549 604 patria
571 520 688 585 afuisse
710 521 851 606 negabit.

160 629 227 694 Iam
250 628 506 713 Disexap'atontis
529 634 664 694 aetatem
686 629 926 714 investigatoris
956 630 990 692 id
1022 629 1220 714 potissimum

71 740 240 804 molestum
266 745 328 823 est,
359 739 443 822 quod
466 757 524 802 nec
547 740 673 815 scimus
698 740 801 822 qualis
822 739 914 803 miles
943 739 986 802 sit
1007 737 1222 819 Cleomachus

70 869 134 914 nec
150 870 244 934 quam
267 849 307 914 ob
330 868 397 914 rem
412 848 554 913 Elateam
570 849 792 934 proficiscatur.
828 848 973 913 Fortasse
988 847 1222 913 mercennarios

70 959 288 1024 conducturus
311 964 367 1042 est,
389 960 519 1024 tortasse
542 959 629 1024 aliud
651 961 727 1044 agit.
761 960 923 1044 Temporis
939 958 1111 1043 vestigium
1123 956 1222 1023 Leoni

72 1069 182 1133 visum
205 1073 253 1133 est
274 1069 378 1132 inesse
401 1069 436 1131 in
459 1088 502 1132 vs.
528 1068 588 1130 911
614 1086 679 1151 sq.:

248 1175 341 1243 Satin
365 1180 420 1257 est,
444 1177 473 1240 si
493 1175 591 1256 plura
615 1196 653 1240 err
675 1196 722 1240 me
744 1175 852 1240 audiet
873 1175 963 1240 bodie
984 1174 1071 1239 mala

248 1284 349 1366 Quam
371 1285 492 1351 audivit
515 1304 664 1366 umquam
690 1283 799 1350 Clinia
822 1304 860 1348 err
882 1283 1070 1350 Demetrio?
1167 1299 1170 1304 '

72 1415 155 1481 quos
185 1395 220 1459 in
243 1395 381 1460 Hermae
401 1395 463 1459 vol.
486 1394 601 1459 XVIII
622 1415 650 1478 p.
675 1396 737 1458 559
767 1396 813 1459 sic
843 1396 1011 1480 explicuit:
1041 1391 1222 1457 Demetrius

68 1507 210 1586 fortasse
233 1503 407 1568 Phalereus
430 1509 483 1583 est,
509 1503 638 1571 Cliniae
660 1504 799 1569 incertus
821 1504 947 1586 aliquis,
970 1503 1110 1568 rhetores
1132 1501 1221 1566 anaba

72 1619 102 1678 et
125 1613 247 1696 insigni
271 1612 410 1694 eacrnpla
433 1614 468 1676 in
492 1613 612 1678 corintio
626 1612 783 1677 iudiciove
804 1613 883 1677 atter
906 1613 945 1678 ob
958 1613 1056 1677 altero
1071 1611 1222 1678 conuiciis

67 1723 271 1806 profligatus,
296 1744 368 1788 cum
391 1723 583 1788 Fritzschius
606 1723 837 1808 etToeppelius
861 1724 914 1806 (de
936 1724 1046 1807 fragm.
1071 1742 1148 1811 com.
1172 1743 1219 1807 gr.

73 1834 276 1918 quaesterit.
294 1853 376 1917 spec.
391 1833 449 1915 ΙΙΙ,
472 1853 574 1918 progr.
591 1832 706 1898 Neobr.
724 1834 806 1897 1867
831 1855 859 1917 p.
877 1834 895 1896 9
912 1828 1000 1918 sqq.)¹
1016 1831 1222 1917 personarum

71 1945 113 2009 ad
138 1943 283 2008 Alexidis
307 1941 506 2007 Demetrium
533 1945 582 2008 vel
606 1944 821 2008 Philetaerum
852 1943 1015 2008 aNaevio
1038 1943 1221 2007 translatam

71 2054 298 2139 pertinentium
316 2055 445 2117 nomina
468 2054 532 2118 dini
546 2054 766 2118 iudicaverint.
802 2052 999 2119 Demetrium
1017 2053 1103 2117 enlm
1125 2053 1159 2115 in
1184 2071 1222 2116 ea

72 2161 302 2228 adulescentem
329 2163 432 2244 fuisse
461 2163 532 2227 bene
562 2167 739 2243 moratum,
769 2162 903 2227 amicum
927 2161 1071 2240 Cliniae,
1101 2158 1224 2225 iuuenis

71 2271 244 2354 luxuriosi,
267 2292 356 2352 quem
370 2271 424 2336 ille
436 2272 530 2354 praui
553 2277 580 2336 et
595 2272 730 2356 benigna
746 2272 964 2337 adhortatione
984 2272 1026 2336 od
1040 2269 1222 2335 modestiam

71 2386 104 2446 et
121 2380 326 2460 prudentiam
349 2398 492 2444 reuocare
506 2381 672 2445 studuerit.
711 2379 798 2457 Quae
821 2381 929 2466 opinio
951 2399 1014 2444 non
1029 2378 1223 2463 probabilior

63 2489 157 2555 tacta
179 2495 227 2555 est
258 2508 311 2573 eo,
342 2490 427 2574 quod
449 2489 607 2572 Karkine,
641 2491 732 2554 ouius
755 2491 1045 2574 interpretationem
1069 2487 1222 2571 exscripsi

66 2599 174 2683 (Com.
199 2601 259 2663 Att
282 2599 314 2661 H
338 2620 365 2683 p.
391 2600 475 2683 313),
497 2597 603 2663 Plauti
624 2598 803 2664 fabularum
826 2599 901 2664 satis
924 2599 1089 2683 imperitus
1117 2599 1146 2662 ei
1169 2617 1223 2682 pe·

71 2714 185 2774 monus
208 2709 336 2773 exstitit
374 2708 455 2773 Nolo
479 2709 625 2793 equidem
650 2710 769 2774 multus
792 2730 860 2775 esse
882 2710 917 2773 in
939 2709 1110 2774 refellendo
1126 2708 1223 2773 llritz·

71 2818 180 2884 sebio:
203 2819 282 2882 falso
305 2837 378 2882 eum
398 2818 617 2882 ratiocinatum
643 2838 711 2883 esse
735 2840 831 2903 quam
845 2820 1020 2885 certissime
1043 2821 1111 2902 ipse
1134 2818 1223 2882 locus

71 2927 243 2992 Plautinus
266 2926 366 2991 docet.
412 2926 494 2992 Vide
516 2927 610 3010 enim,
634 2949 729 3012 quam
752 2949 815 2992 non
838 2928 867 2993 is
889 2927 1079 3010 Demetrius,
1110 2928 1222 3013 quiin

62 3036 210 3101 Cliniam
241 3056 389 3101 summa
418 3037 520 3101 mala
549 3038 691 3121 ingerat,
724 3038 754 3102 ei
784 3040 970 3123 conveniat,
1000 3039 1055 3122 qui
1086 3037 1222 3103 amioum

71 3146 193 3230 gravi
216 3152 254 3209 et
275 3145 457 3229 benigna
480 3146 776 3211 adhortatione
806 3147 846 3210 ad
868 3147 1108 3231 temperantiam
1131 3165 1220 3210 revo—

73 3272 148 3317 care
177 3254 318 3334 studeat;
353 3255 431 3338 quin
454 3253 635 3318 Demetrius
664 3274 698 3319 re
731 3274 804 3319 vera
836 3256 1012 3320 maledictis
1046 3261 1078 3320 et
1108 3255 1223 3340 iurgiis
1354 3272 1362 3287 ⁶

71 3362 236 3427 lacessivit
257 3362 401 3445 Cliniam,
424 3383 484 3428 nec
506 3363 644 3427 dubitari
667 3369 776 3447 potest,
808 3365 885 3448 quin
909 3364 1082 3446 Chrysalus
1104 3365 1222 3428 Mnesi-

75 3472 204 3535 lochum
229 3473 463 3556 vituperaturos
487 3473 526 3536 ad
549 3473 697 3557 graviora
719 3473 823 3556 potius
848 3493 943 3556 quam
973 3475 1096 3539 minora
1118 3493 1222 3558 respe-

71 3581 167 3645 xerit.
212 3579 336 3646 Deinde
359 3582 439 3645 illud
462 3602 608 3662 uinquam
635 3584 669 3645 in
694 3602 721 3646 v.
746 3583 808 3644 912
840 3603 903 3646 non
933 3582 1008 3648 licet
1035 3584 1222 3669 intellegere

56 3689 116 3758 ,de
143 3689 250 3754 fabula
282 3691 381 3755 semel
413 3691 502 3755 bisve
532 3691 612 3755 data.
661 3691 772 3775 ltaque
802 3692 840 3756 de
869 3691 983 3757 Naevii
1016 3698 1047 3758 et
1075 3694 1223 3758 AlexidIs

71 3797 236 3864 Demetrio
259 3804 365 3863 actum
395 3806 456 3882 est,
486 3801 574 3865 illius
597 3819 670 3865 vero
693 3801 905 3884 significatam
935 3821 1090 3867 essenon
1114 3802 1224 3867 debuIt

70 3910 213 3972 statuere
236 3908 434 3990 Fritzschius
457 3915 626 3995 antequam
650 3916 681 3974 et
703 3912 773 3974 eins
796 3913 897 3996 ipsius
926 3917 957 3975 et
979 3917 1066 3976 actae
1089 3911 1223 3976 Bacchi-

55 4017 152 4082 'dum
176 4023 293 4082 aetates
317 4019 552 4084 considerasset.
598 4018 667 4096 Quo
690 4025 796 4084 autem
819 4019 964 4102 Chrysali
990 4039 1099 4085 versus
1128 4022 1223 4105 perti·

53 4132 180 4219 meant,
204 4128 326 4210 neseio;
362 4148 435 4192 nam
457 4149 517 4194 nee
531 4129 623 4194 facile
640 4130 844 4213 cogitaverim
870 4130 908 4193 de
924 4128 1085 4194 Demetrio
1102 4132 1221 4195 comico

69 4230 242 4300 Menandri
266 4235 391 4319 aequali
413 4228 535 4300 Cliniae
558 4235 684 4300 cuidam
715 4235 753 4298 de
781 4234 901 4320 pulpito
924 4236 1132 4301 maledicente
1165 4253 1224 4301 nec

52 4341 191 4432 :Leonis
214 4343 395 4411 coniectura
418 4344 509 4412 valde
531 4345 588 4410 illa
611 4344 742 4436 quidem
764 4343 844 4409 milri
872 4345 1015 4410 arridens
1046 4343 1225 4412 eiusmodi

976 4458 994 4520 3
