2836 4838
59 468 270 535 Transeamus
293 469 356 533 iam
379 469 419 533 ad

37 626 387 726 Asinariam,

62 809 160 872 quam
184 807 225 852 ex
241 787 423 872 Damophili
446 787 610 852 cuiusdam
628 785 740 871 Onago
763 787 942 850 translatam
967 807 1036 852 esse
1061 788 1210 873 prologus

60 898 232 963 Plautinus
255 898 347 961 docet
369 903 401 960 et
422 897 516 960 hodie
539 916 648 960 omnes
671 901 801 979 excepto
825 895 946 960 Kochio
972 895 1066 975 (Com.
1090 898 1154 961 Att.
1178 896 1210 961 II

61 1028 90 1091 p.
110 1008 183 1086 559)
206 1008 290 1069 inter
312 1025 346 1069 se
368 990 579 1069 consentiunt.
617 1003 749 1079 Quando
771 1005 825 1068 ille
847 1005 951 1087 fuerit,
974 1007 1123 1070 traditum
1146 1026 1209 1070 nou

54 1101 125 1195 ¹est;
159 1136 231 1179 nam
265 1117 320 1199 qui
350 1116 426 1179 olim
457 1116 526 1179 eius
550 1115 721 1198 vestigium
753 1115 788 1177 in
810 1116 902 1178 titulo
925 1114 1089 1180 Piraeensi
1111 1136 1211 1181 novae

61 1224 246 1288 comoediae
276 1229 439 1306 poetarum
472 1224 599 1286 nomina
621 1223 802 1286 continente
831 1223 1000 1306 indagasse
1030 1223 1091 1287 sibi
1123 1227 1210 1288 visus

61 1339 111 1398 est
133 1333 309 1417 BerglriuS,
341 1334 407 1418 ipse
430 1338 537 1417 postea
560 1352 617 1395 suo
649 1332 718 1395 iure
750 1333 841 1397 aliter
863 1334 1016 1397 iudicavit
1038 1333 1153 1417 (opusc.
1177 1333 1210 1396 II

61 1462 90 1525 p.
108 1443 183 1522 485,
205 1441 239 1503 id
263 1440 347 1524 quod
370 1438 453 1522 fugit
474 1437 701 1502 Susemihlium
725 1442 758 1504 in
782 1443 852 1505 hist.
876 1442 932 1506 litt.
949 1442 1061 1506 alex.I
1081 1463 1110 1526 p.
1125 1444 1211 1523 262).

61 1549 201 1634 Egomet
224 1556 258 1612 ut
281 1550 379 1612 nihilo
403 1549 508 1611 minus
531 1548 654 1611 credam
679 1548 826 1635 Onagum
851 1552 960 1616 eodem
982 1554 1048 1616 fere
1070 1557 1210 1636 tempore

63 1676 128 1740 quo
152 1662 271 1721 ceteras
285 1657 428 1741 palliatas
444 1658 647 1740 compositam
672 1675 749 1737 esse,
771 1656 804 1719 id
828 1656 912 1740 quod
936 1657 985 1720 vel
1009 1677 1065 1741 per
1087 1676 1120 1721 se
1143 1659 1212 1721 veri

62 1766 263 1830 simillimum
279 1771 334 1844 est,
350 1767 522 1850 singularis
536 1767 660 1831 fabulae
673 1767 815 1830 inventio
831 1785 881 1829 me
893 1772 1078 1831 commoret.
1112 1766 1211 1832 Senes

62 1874 139 1940 filiis
163 1876 342 1940 amantibus
365 1876 537 1939 adversarii
568 1880 604 1938 ut
625 1897 643 1939 a
666 1875 766 1940 servis
789 1875 911 1939 callidis
934 1876 1147 1960 decipiantur,
1177 1879 1211 1941 in

62 2005 149 2048 nora
172 1985 334 2049 comoedia
347 1985 587 2048 celeberrimum
611 1990 665 2066 est,
690 1985 803 2067 quodsi
818 1982 1031 2048 Demaenetus
1055 2006 1098 2049 νε.
1116 1988 1210 2070 78sq.

64 2100 96 2159 et
119 2094 259 2158 Libanus
282 2115 325 2158 vs.
350 2095 413 2156 256
438 2114 482 2177 sq.
506 2093 545 2157 ab
579 2094 637 2156 hac
660 2094 784 2177 vulgari
808 2093 918 2176 regula
941 2113 1010 2158 sese
1033 2112 1212 2158 recessuros

63 2224 133 2269 esse
157 2203 356 2287 profitentur,
388 2223 456 2266 eam
487 2203 551 2266 iam
581 2202 656 2266 satis
685 2203 790 2266 tritam
820 2203 916 2266 fuisse
947 2202 1031 2266 hand
1054 2203 1211 2266 immerito

63 2314 299 2378 concludemus.
346 2313 451 2394 Adde,
485 2313 568 2395 quod
592 2332 636 2375 vs.
663 2312 703 2374 68
727 2332 792 2395 sqq.
823 2312 863 2375 ad
885 2311 1071 2375 Menandrei
1093 2296 1211 2375 saeculi

60 2420 194 2496 fabulas,
218 2424 367 2504 spectant,
390 2424 489 2482 totum
515 2437 588 2481 vero
605 2422 828 2501 argumentum
852 2422 1012 2501 sumptum
1037 2422 1085 2481 est
1106 2436 1123 2481 e
1146 2419 1211 2481 vita

27 2551 31 2560 ’
61 2529 230 2594 cotidiana.
266 2528 328 2592 Sed
350 2529 427 2591 haec
442 2528 573 2591 fortasse
596 2546 658 2589 non
677 2528 767 2589 nimii
783 2526 910 2610 pendes,
934 2527 1033 2590 multo
1048 2527 1211 2611 graviores

61 2642 140 2702 sunt
163 2658 207 2700 νε.
224 2638 296 2730 Ι712
313 2658 395 2721 sqq.:

368 2745 405 2809 Si
427 2745 550 2826 quidem
572 2744 649 2808 milit
671 2749 810 2807 statuam
832 2749 860 2807 ct
881 2764 972 2807 oram
995 2744 1109 2808 statuis

197 2854 300 2935 Atque
331 2858 365 2916 ut
403 2854 458 2918 deo
492 2854 536 2917 mi
567 2853 616 2916 bic
638 2855 783 2917 cumolos
813 2852 928 2917 bovem:
959 2873 1035 2916 nom
1065 2873 1119 2936 epo
1153 2853 1211 2917 riht
1311 2853 1313 2856 ’

835 2960 930 3027 Salus
952 2981 1021 3024 suta
1044 2981 1069 3026 e.
1093 2983 1121 3045 q.
1144 2982 1167 3026 s.

62 3071 200 3136 Divinos
223 3073 356 3134 honores
380 3071 463 3153 quod
487 3071 603 3134 servoli
627 3071 687 3134 sibi
712 3075 852 3155 poscunt,
875 3073 908 3134 in
932 3091 968 3134 eo
992 3091 1108 3155 magna
1131 3073 1214 3135 inest
1315 3081 1318 3087 '

65 3183 114 3246 vis
137 3183 266 3264 comica,
290 3180 429 3264 potuisse
445 3161 595 3263 'flagitare
618 3187 786 3263 antequam
810 3200 844 3244 re
868 3199 942 3244 vera
962 3181 1106 3245 homines
1129 3201 1212 3244 mor-

61 3291 142 3353 tales
155 3290 286 3355 deorum
301 3291 400 3353 instar
414 3288 522 3352 haberi
539 3291 638 3372 coepti
656 3296 738 3371 sunt,
759 3290 930 3373 praefracte
946 3310 1037 3373 nego.
1071 3289 1211 3354 Libanus

61 3394 184 3459 Salutis
208 3414 324 3459 numen
359 3398 420 3461 sibi
453 3398 602 3482 imponit,
633 3394 772 3480 Σωτῆρες
794 3397 994 3462 Ptolemaeus
1017 3397 1096 3482 Lagi
1118 3398 1213 3481 filius

64 3505 249 3588 Antigonus
281 3488 571 3591 Menophthalrnus,
604 3505 785 3570 Demetrius
820 3506 1012 3571 Poliorcetes
1047 3509 1111 3571 iam
1145 3507 1212 3569 vivi

61 3613 318 3698 appellabantur,
347 3620 382 3678 ut
405 3616 499 3680 deum
531 3615 595 3678 iam
619 3615 838 3679 Alexandrum
863 3615 1015 3699 Magnum
1040 3616 1213 3680 adorabant

59 3722 188 3787 Persae.
232 3723 295 3788 Res
329 3725 422 3808 plane
452 3725 581 3807 similis,
613 3745 723 3790 verum
758 3725 857 3789 multo
890 3727 985 3789 etiam
1017 3726 1212 3790 manifestior

61 3851 161 3916 quam
185 3817 268 3915 quod
284 3832 461 3898 Pseudolus
483 3855 600 3920 magna
623 3855 656 3900 se
679 3837 818 3900 facinora
841 3835 952 3899 decere
975 3833 1100 3898 efficere
1123 3853 1211 3918 prae-

60 3941 158 4023 dicat,
185 3961 266 4025 quae
282 3947 352 4026 post
367 3943 428 4006 sibi
443 3944 526 4008 clara
542 3950 573 4008 et
588 3945 644 4008 diu
659 3946 800 4010 clueant:
824 3945 966 4008 conferas
983 3962 1109 4027 quaes0,
1133 3961 1213 4026 quae

57 4053 96 4115 in
121 4053 282 4135 prooemio
305 4054 520 4136 exposuimus.

151 4158 221 4224 Iam
244 4167 350 4226 autem
373 4168 527 4226 mercator
544 4160 698 4243 Pellaeus,
722 4161 777 4245 qui
792 4163 932 4226 Athenas
956 4163 1044 4227 venit
1057 4162 1211 4246 pecuniae

58 4270 239 4335 solvendae
260 4289 374 4350 causa,
408 4276 440 4335 et
461 4270 654 4355 Periphanes
687 4271 775 4334 dives
807 4276 960 4335 mercator
990 4270 1134 4336 Rhodius
1158 4272 1213 4350 (νε.

57 4380 129 4444 449
152 4380 234 4463 sqq.)
263 4380 344 4443 nihil
378 4380 519 4445 efficiunt
549 4380 612 4443 nisi
640 4384 675 4444 ut
698 4379 863 4445 Graeciam
886 4381 1160 4466 septentrionalem
1184 4383 1216 4443 et
1300 4431 1304 4437 .

960 4491 982 4554 5
