2836 4838
621 282 663 346 19

66 457 205 521 nobilem
239 456 327 519 illam
351 456 618 539 oppugnationem
651 454 739 518 urbis
768 475 794 518 a.
819 454 881 517 303
904 456 1017 520 factam
1040 455 1214 541 significari

65 585 176 629 omnes
200 567 282 629 inter
303 585 337 629 se
360 570 594 629 consenserunt.
639 563 709 628 Hoc
731 565 759 626 si
782 568 865 627 recte
888 583 922 627 se
945 565 1054 640 habet,
1087 571 1215 649 apparet

63 675 376 759 Therapontigonum
389 673 626 756 Platagidorum
641 671 802 735 Demetrio
814 671 1008 738 Poliorcetae
1018 680 1212 738 auctoratum
1282 720 1284 725 .

59 784 104 847 'eo
130 784 197 867 ipso
221 803 304 847 anno
318 782 471 865 Epidauri
494 783 601 863 fuisse,
624 801 686 864 quo
710 782 761 844 hic
777 783 915 845 hostium
939 784 1044 866 copias
1067 803 1107 847 ex
1121 783 1213 848 Pelo·
1250 826 1254 836 ·

65 912 206 976 ponneso
231 891 362 975 expulit.
400 889 522 974 Scripta
545 895 592 954 est
613 891 713 974 igitur
735 888 883 953 Curculio
905 896 976 972 post
997 912 1024 955 a.
1048 893 1119 955 303.
1157 893 1213 955 Al-

65 1007 168 1065 terum
195 1002 364 1065 terminum
388 1000 652 1063 Wilamowitzius
676 999 780 1082 posuit
803 1018 922 1063 annum
947 1001 1019 1081 295,
1042 1020 1104 1083 quo
1122 1000 1233 1082 Lysi·

62 1111 196 1173 machus
230 1128 283 1172 eas
315 1114 430 1189 terras,
465 1127 545 1190 quae
568 1107 732 1190 Antigono
756 1107 911 1171 debellato
944 1113 974 1171 et
996 1109 1158 1173 interiecto
1181 1112 1211 1174 ei

62 1220 235 1302 promissae
260 1222 356 1299 erant,
379 1236 505 1300 prorsus
529 1216 706 1299 subegerat,
728 1216 760 1279 id
785 1217 870 1300 quod
893 1222 1035 1301 postea,
1067 1237 1148 1301 quae
1172 1218 1211 1283 de

64 1327 158 1391 Caria
174 1328 388 1411 exposuimus,
411 1346 472 1389 non
495 1326 559 1389 ianr
584 1327 667 1389 valet
691 1326 722 1389 in
737 1324 968 1389 Curculionem.
1003 1325 1065 1391 Sed
1081 1328 1210 1392 fortasse

63 1457 128 1500 non
152 1457 229 1519 opus
259 1442 307 1501 est
336 1437 395 1500 hoc
425 1444 620 1519 argumento.
665 1434 864 1518 Quamquam
897 1438 981 1499 enim
1013 1447 1105 1519 poeta
1136 1457 1210 1502 nus-

65 1566 163 1630 quam
184 1545 346 1626 indicavit,
369 1546 495 1628 quando
506 1544 798 1628 Therapontigonus
814 1547 1010 1610 meretricem
1033 1546 1095 1609 sibi
1118 1548 1214 1613 desti-

62 1656 201 1736 naverit,
231 1653 385 1717 Demetrii
408 1660 512 1717 autem
542 1655 651 1736 copiae
674 1654 769 1717 etiam
792 1659 861 1736 post
882 1675 908 1718 a.
933 1655 1012 1737 303,
1042 1675 1114 1718 cum
1142 1657 1210 1740 ipse

63 1766 99 1829 in
124 1765 230 1827 Asiam
255 1764 410 1846 profectus
434 1773 530 1843 esset,
562 1764 595 1824 in
619 1763 835 1845 Peloponneso
865 1763 1014 1847 praesidii
1045 1785 1139 1829 causa
1161 1786 1210 1831 re-

63 1874 158 1936 lictae
181 1877 271 1936 erant
294 1872 388 1954 (Plut.
408 1871 544 1935 Demetr.
560 1873 624 1953 31),
647 1877 750 1935 tamen
776 1871 857 1934 ultra
878 1872 1033 1953 proelium
1051 1871 1210 1954 lpsiacum

64 2001 105 2045 ne
128 1981 368 2065 progrediamur
391 1981 574 2044 dissuadere
598 1981 742 2062 videtur,
774 1980 857 2063 quod
888 1980 961 2044 illae
984 1982 1059 2045 indo
1088 1983 1127 2046 ab
1151 1985 1210 2048 hoc

61 2092 132 2174 ipso
161 2108 201 2153 ex
225 2089 373 2153 omnibus
396 2107 495 2172 paene
519 2089 728 2172 Peloponnesi
752 2089 875 2172 oppidis
898 2089 1102 2175 eiciebantur,
1131 2092 1209 2156 adeo

64 2205 102 2263 ut
123 2198 189 2262 sola
211 2200 277 2262 fere
292 2197 423 2282 Megara
446 2202 477 2261 et
499 2196 668 2261 Corinthus
691 2199 723 2261 in
747 2196 900 2261 Demetrii
923 2204 1075 2280 potestate
1102 2220 1209 2265 mane·
1274 2224 1277 2231 ·

62 2314 141 2371 rent.
187 2306 247 2370 His
270 2325 343 2369 vero
374 2305 568 2388 temporibus
598 2307 652 2367 vix
685 2304 846 2369 arbitreris
879 2305 1011 2369 militem
1042 2308 1072 2371 ei
1102 2315 1208 2372 auoto-

60 2421 166 2479 ratum
195 2415 390 2499 Epidaurum
423 2416 531 2478 venire
559 2415 705 2498 potuisse.
751 2413 833 2477 Nam
864 2415 949 2497 pacis
979 2417 1207 2499 tranquillitate

61 2524 339 2609 septentrionalem
362 2523 572 2607 Peloponnesi
594 2510 714 2607 partem*
738 2543 825 2586 usam
850 2541 918 2587 esse
940 2525 1093 2606 proximis
1116 2529 1208 2592 annis

62 2654 156 2697 nemo
179 2634 303 2714 credet,
333 2634 388 2717 qui
412 2633 564 2696 Demetrii
588 2633 693 2715 copias
725 2633 758 2695 in
782 2632 900 2696 Isthmo
924 2633 1089 2698 collocatas
1111 2637 1209 2701 fuisse

60 2744 254 2826 respexerit3
286 2743 371 2826 quod
401 2744 500 2826 igitur·
533 2742 674 2822 Pyrrhus
697 2740 851 2804 Demetrii
884 2740 950 2804 dux
972 2763 998 2805 a.
1025 2744 1104 2826 300,
1135 2765 1207 2810 cum

62 2850 271 2914 Athenienses
305 2857 337 2914 et
368 2852 474 2915 Aetoli
512 2851 629 2914 bellum
667 2855 815 2934 gererent
847 2870 919 2913 cum
950 2849 1123 2917 Cassandro
1158 2855 1208 2935 (ef.

59 2955 246 3036 Droyseous
268 2955 359 3019 Diad.
383 2956 468 3037 Hp.
492 2958 565 3039 241,
587 2955 716 3020 Niesius
738 2976 766 3039 p.
791 2956 883 3035 351),
915 2974 1024 3019 eorum
1055 2957 1150 3022 rebus
1172 2981 1206 3025 se

59 3085 124 3128 non
155 3065 347 3146 immiscuit,
377 3066 469 3129 facile
511 3071 558 3129 est
592 3064 768 3148 explicatu:
801 3070 970 3146 occupatus
997 3071 1064 3129 erat
1091 3067 1126 3129 in
1159 3071 1205 3133 eis

58 3174 201 3259 oppidis,
236 3193 317 3257 quae
352 3194 370 3237 a
405 3173 565 3237 Demetrio
601 3174 813 3252 desciverant,
847 3173 1077 3256 recuperandis.
1133 3176 1203 3240 Non

58 3284 168 3347 omnia
191 3301 263 3344 eum
286 3289 319 3345 et
341 3285 396 3366 qui
422 3283 451 3346 ei
467 3284 654 3346 successerit
669 3300 869 3364 expugnasse
891 3281 966 3344 inde
981 3282 1206 3371 intellegimus,

56 3391 143 3476 quod
177 3391 368 3454 Poliorcetes
399 3391 524 3455 circiter
553 3412 578 3454 a.
602 3391 665 3453 290
705 3389 870 3452 obsidione
900 3388 1060 3455 Messenes
1094 3395 1203 3460 relicta
1254 3405 1256 3408 ’
1289 3384 1292 3392 ’

55 3499 210 3564 nonnulla
239 3501 273 3561 in
303 3519 392 3563 suam
417 3504 600 3583 potestatem
623 3500 783 3562 revocavit
806 3499 853 3579 (cf.
877 3497 959 3562 Plut
982 3498 1118 3565 Demetr.
1143 3495 1201 3568 33:

55 3609 157 3678 πόλεις
180 3604 259 3678 τινὰς
278 3608 456 3691 ἀφεστώσας
473 3607 745 3692 προσαγαγόμενος)
757 3606 794 3686 0)
830 3606 989 3670 Nimirum
1006 3609 1087 3674 hanc
1109 3614 1203 3676 ratio-

55 3718 249 3783 cinationem
284 3718 483 3782 Curcolionis
521 3719 653 3801 tempori
688 3716 867 3781 definiendo
902 3717 1109 3804 probabilem,
1139 3743 1202 3788 non

53 3832 172 3891 certam
206 3846 373 3910 possumus
411 3827 577 3909 adhibere,
610 3826 768 3909 siquidem
802 3844 864 3888 non
896 3826 1001 3889 edocti
1024 3847 1134 3892 sumus
1163 3833 1202 3896 de

53 3938 119 4000 situ
151 3934 270 3999 Cariae.
315 3934 458 3999 Sufficiat
488 3937 588 4019 igitur
617 3935 722 3998 dicere
752 3940 890 4018 poetam,
922 3935 950 3996 si
973 3933 1119 4016 Sicyonis
1148 3960 1202 4024 op-

144 4285 170 4356 *)
190 4286 251 4339 Huo
270 4286 363 4340 nescio
383 4302 419 4340 an
432 4282 608 4340 referendum
627 4284 663 4338 sit
682 4283 751 4338 illud
762 4284 899 4339 Athenaei
917 4287 953 4356 (X
971 4305 996 4356 p.
1011 4293 1106 4363 liba),
1129 4291 1199 4361 quod

51 4377 215 4451 Droysenus
235 4379 314 4434 Diad.
335 4381 361 4435 ΙΙ
379 4397 405 4450 p.
426 4383 477 4434 257
497 4395 568 4433 anno
588 4383 640 4434 295
659 4379 763 4433 tribuit.
