2836 4838
608 243 647 307 67

56 423 151 506 signa
175 421 291 485 inferre
314 423 466 503 coeperat.
512 419 595 483 Ante
618 440 644 482 a.
669 421 730 482 311
755 418 885 482 Rudens
915 424 998 482 certe
1028 439 1089 483 non
1113 419 1204 484 docta

56 538 123 610 est;
157 550 230 593 nam
254 534 471 614 praeterquam
506 528 590 612 quod
624 533 690 591 tum
724 547 849 612 quoque
878 530 909 591 in
944 527 1052 591 Sicilia
1080 548 1203 615 pugna-

56 641 159 721 batur,
183 660 210 701 1.
235 638 314 701 746:

116 748 192 829 qnid
215 767 282 808 lateo
304 746 401 824 refert
423 743 560 807 Athenis
582 750 676 808 lautae
699 745 773 808 lurco
795 767 838 807 on
867 745 978 809 Thebis
999 746 1141 824 sient?*l

55 856 207 941 Diphilus
229 855 367 919 scribere
392 874 453 918 non
478 856 589 937 potuit,
613 857 671 919 nisi
689 855 813 919 Thebae
837 856 954 920 dudum
972 856 1204 940 redintegratae

54 971 154 1030 erant.
200 962 398 1044 Quamquam
430 964 533 1045 priora
555 968 695 1046 tempora
727 970 867 1047 spectare
891 964 1015 1028 videtur
1037 963 1204 1029 Stratonioi

54 1073 229 1138 citharoedi
252 1072 442 1136 nobilissimi
465 1072 584 1135 mentio
608 1074 646 1151 (r.
672 1074 745 1153 932,
767 1073 805 1135 cf.
829 1073 934 1136 Athen
956 1073 1033 1135 VIII
1050 1075 1113 1137 348
1127 1094 1204 1158 sqq,

56 1181 300 1262 Ostermayerus
324 1180 342 1242 l.
366 1179 385 1241 l.
409 1199 436 1262 p.
461 1179 516 1255 60,
547 1179 811 1243 Wilamowitzius
843 1181 877 1242 in
906 1180 970 1243 ind.
1002 1182 1097 1244 schol.
1122 1181 1204 1244 aon.

57 1291 183 1366 189314
206 1310 233 1372 p.
261 1287 327 1367 16);
359 1288 414 1351 sad
445 1287 499 1350 ille
529 1289 712 1371 praesertim
739 1289 939 1352 Atheniensis
970 1290 1064 1352 etiam
1097 1290 1204 1353 multis

55 1401 152 1463 annis
174 1404 246 1480 post
268 1397 495 1480 spectatoribus
518 1403 611 1461 notus
634 1417 703 1462 esse
727 1403 853 1482 poterat.

144 1508 244 1571 Porro
268 1507 468 1571 adtendenda
497 1512 572 1569 sunt
594 1506 706 1589 verba,
720 1558 723 1562 Α
738 1527 819 1590 quae
843 1507 976 1591 Gripus,
1010 1507 1065 1570 ubi
1095 1508 1204 1572 vidulo

55 1621 181 1700 reperto
213 1635 294 1699 quae
324 1615 386 1678 sibi
409 1635 476 1679 sors
498 1617 602 1680 futura
634 1617 676 1679 sit
697 1617 803 1679 animo
827 1617 960 1699 cogitat,
993 1614 1127 1680 effundit
1148 1617 1204 1697 (ve.

58 1727 123 1789 eie
147 1725 234 1809 sqql.
279 1722 477 1803 Quamquam
503 1725 644 1787 enimin
669 1745 696 1786 v,
720 1725 778 1787 931
806 1743 863 1786 ren
891 1724 971 1787 nihil
994 1725 1081 1787 aliud
1104 1725 1204 1808 signi-

56 1835 154 1899 ficare
177 1834 302 1897 videtur
324 1833 387 1896 nisi
410 1833 540 1897 divitem
564 1834 740 1909 hominem,
771 1833 804 1896 id
828 1832 910 1917 quod
935 1838 966 1897 et
988 1834 1206 1898 antecedentia

58 1944 156 2007 verba
171 1948 310 2027 arguunt
332 1947 363 2005 ct
381 1947 464 2005 totus
480 1943 707 2006 sententiarum
732 1942 816 2022 ordo,
839 1948 943 2005 tamen
969 1963 995 2004 v.
1013 1944 1075 2006 935
1099 1948 1204 2026 aperte

58 2053 151 2116 docet
164 2071 264 2135 regna
280 2052 340 2113 iam
359 2057 483 2115 exstare
507 2057 537 2114 ct
549 2053 748 2134 Antigonum
764 2051 974 2115 Cassandrum
986 2050 1203 2118 Ptolemaeum

56 2158 282 2240 Lysimachum
308 2159 509 2242 Agathoclem
545 2179 657 2242 regum
689 2160 797 2223 titulos
828 2178 1012 2243 usurpasse3
1044 2165 1205 2243 praeterea

57 2267 144 2350 quod
168 2266 283 2350 Gripus
306 2267 396 2330 dicit:
425 2266 581 2346 Oppidum
604 2288 752 2349 ntnpnnrn
775 2267 977 2345 contnannibo,
1006 2268 1034 2330 ei
1056 2287 1108 2350 epo
1131 2269 1204 2332 ttrhi

60 2371 163 2451 Gripo
186 2372 296 2434 indunt
318 2391 426 2434 nomen
453 2372 693 2435 Monumentum
717 2393 800 2434 nacor
820 2375 926 2452 tharrae
948 2377 975 2435 et
996 2374 1110 2452 sartis,
1141 2394 1204 2439 nou

58 2480 186 2543 videtur
199 2479 413 2543 Alexandreae
436 2480 507 2543 illas
531 2481 645 2543 multas
667 2485 816 2564 spectare,
838 2500 910 2544 nam
927 2482 1084 2565 expressis
1101 2482 1205 2546 verbis

57 2586 162 2650 addit:
197 2585 239 2646 iln'
262 2605 393 2666 rcpnnna
416 2605 563 2664 rranpntnn
586 2585 838 2665 institnnnr,·id
864 2586 946 2669 quod
971 2590 1206 2651 conconvenit

58 2693 191 2757 urbibus
214 2692 252 2755 ab
277 2693 459 2756 Alexandro
483 2693 600 2776 Magno
624 2695 778 2766 conditis;
811 2699 929 2778 spectat
951 2697 1204 2781 potiusAntigo-

56 2822 150 2866 neam
186 2800 411 2865 Cassandream
446 2801 684 2882 Lysimacheam
729 2804 938 2867 Amastridem
977 2805 1063 2869 alias.
1117 2804 1204 2890 Ergo

57 2911 136 2973 haec
161 2927 286 2993 quoque
310 2909 495 2973 dissuadent
517 2930 557 2973 ne
580 2910 756 2975 Rudentem
781 2917 853 2976 ante
877 2932 902 2974 a.
919 2914 998 2994 303,
1028 2933 1090 2996 quo
1118 2914 1204 2997 Aga-

56 3018 177 3082 thocles
200 3018 295 3080 totius
317 3018 382 3080 fere
394 3016 521 3081 Siciliae
538 3018 732 3083 dominatum
758 3020 902 3100 obtinuit,
927 3021 1058 3084 Athenis
1074 3021 1203 3084 doctam
1267 3042 1268 3046 ¹

57 3147 126 3191 esse
149 3132 331 3190 statuamus.
377 3126 441 3189 Vix
466 3130 570 3207 potuit
592 3129 646 3212 agi
669 3135 738 3214 post
760 3150 786 3192 a.
811 3131 883 3210 289,
908 3149 980 3192 nam
1004 3135 1070 3193 tum
1095 3150 1205 3194 rursus

55 3239 90 3299 in
115 3235 224 3299 Sicilia
247 3241 396 3319 perpetua
428 3235 508 3299 bella
532 3239 650 3301 civium
684 3258 752 3302 sese
776 3244 968 3322 exceperunt
998 3244 1029 3303 et
1051 3260 1124 3302 cum
1148 3258 1202 3323 po-

46 3338 223 3429 pularibus
247 3349 370 3408 etcum
396 3345 537 3409 barbaris
560 3352 658 3428 gesta,
683 3347 799 3430 quibus
821 3349 939 3411 lactum
963 3353 1018 3427 est,
1042 3353 1078 3411 ut
1097 3349 1205 3417 insula

55 3451 208 3534 paulatim
233 3449 291 3513 sub
309 3450 618 3534 Carthaginiensium
642 3453 811 3537 imperium
835 3453 966 3529 veniret,
989 3454 1089 3518 donec
1111 3453 1204 3534 Syra-

55 3559 166 3623 cusani
191 3557 347 3637 Pyrrhum
371 3559 488 3622 auxilio
512 3567 713 3624 vocaverunt.
749 3561 889 3626 Hierone
913 3568 1018 3626 autem
1042 3563 1122 3627 duce
1146 3563 1205 3626 etsi

55 3667 167 3732 Sicilia
189 3686 298 3730 rursus
321 3665 466 3750 effloruit,
490 3673 595 3732 tamen
619 3669 674 3731 vix
693 3674 829 3733 statuere
853 3671 927 3734 licet
946 3671 1041 3734 etiam
1065 3675 1136 3735 tum
1147 3669 1204 3734 Di-

53 3776 180 3860 philum
210 3776 317 3838 fulsse.
368 3775 543 3840 Admodum
575 3777 675 3861 igitur
698 3778 859 3860 probabile
891 3778 1025 3843 arbitror
1047 3778 1203 3843 Rudentis

53 3882 238 3967 exemplum
262 3882 388 3947 doctum
412 3902 481 3947 esse
502 3885 586 3948 intra
610 3905 709 3949 annos
733 3887 795 3950 303
818 3892 850 3950 et
872 3887 944 3950 290.
1250 3877 1252 3880 ⁴

143 3984 308 4062 Quomodo
331 3985 478 4069 Diphilus
500 3988 640 4052 fabulam
663 3991 867 4074 inscripserit,
895 3992 1096 4073 ignoramus3
1131 4011 1202 4055 nam

51 4093 205 4161 Schoellii
229 4095 350 4177 opinio,
385 4094 495 4177 quiin
519 4115 597 4158 mus.
620 4096 720 4160 Rhon.
736 4097 845 4161 XLIII
867 4120 896 4183 p.
921 4100 984 4161 298
1009 4095 1110 4181 lllpnn
1135 4118 1204 4164 eam

144 4345 171 4418 *)
193 4346 308 4402 Secutus
328 4361 388 4401 eum
407 4345 580 4401 Schoellium.
