2836 4838
693 297 810 370 99,

137 468 224 553 apud
246 468 353 553 Ipsum
376 469 575 533 commissam
583 470 622 549 ²⁸),
644 475 727 534 certe
750 471 911 535 conditum
936 476 983 535 est
1005 491 1023 534 a
1046 467 1177 534 Seleuco
1189 468 1284 536 Nica·

136 582 206 640 tore
230 577 277 656 (cl.
300 575 411 640 Strabo
428 576 509 639 XIV
532 598 559 660 p.
584 578 667 658 749).
705 577 837 662 Scripsit
857 580 958 663 igitur
980 577 1124 642 Philemo
1144 578 1283 644 Thesau-

134 705 210 748 rum
232 683 446 768 compluribus
470 684 562 748 annis
585 690 655 768 post
677 706 770 769 quam
795 686 947 750 Seleucus
962 684 1087 767 Syriam
1109 687 1284 770 occupavit,

110 873 112 875 ι
135 814 276 879 quocum
299 794 446 867 concinit,
467 793 551 876 quod
567 793 721 858 Stasimus
743 813 853 858 servus
876 814 916 858 ne
933 793 1125 859 Lesbonicus
1147 793 1283 874 aliquem

135 903 180 967 ud
202 923 303 984 repo-tn
326 903 546 965 latrocinatum
569 902 711 966 abiturus
733 903 775 966 sit
798 907 923 967 veretur
945 904 985 984 (u.
1012 903 1095 982 722).

226 995 324 1075 Porro
347 1011 609 1075 considerandum
635 1017 696 1093 est,
724 1012 900 1096 numquid
932 1031 973 1075 ex
998 1033 1024 1074 v.
1048 1012 1110 1074 297
1134 1011 1282 1075 concludi

136 1122 255 1205 possit:
985 1119 992 1150 ‘

311 1227 433 1307 Sciunt,
456 1229 531 1309 quid
553 1229 589 1291 in
612 1249 720 1292 carrera
743 1250 800 1292 rex
822 1229 952 1311 repinoe
976 1227 1157 1311 dixerit**),

135 1358 234 1423 quem
257 1359 312 1422 pro
328 1338 539 1422 dittographia
554 1339 751 1422 insequentis
769 1358 879 1402 versus
895 1338 1074 1402 habendum
1098 1357 1167 1403 esse
1189 1358 1282 1422 nego,

135 1446 296 1530 siquidem
320 1448 424 1530 potius
453 1465 508 1528 per
529 1447 747 1529 gradationem
779 1447 817 1510 ab
850 1465 886 1510 eo
911 1447 1092 1530 pervenitur
1121 1446 1160 1510 ad
1183 1445 1280 1510 illud:

135 1557 242 1620 sciunt
272 1556 352 1636 quod
381 1553 464 1617 Iuno
493 1554 669 1635 fabulatast
699 1575 768 1617 carn
800 1554 881 1618 Iove.
928 1554 1036 1624 Primo
1069 1556 1177 1619 obtuto
1207 1555 1281 1619 sub·

135 1662 298 1741 audiveris
321 1667 442 1725 certum
458 1681 565 1744 regem
577 1663 835 1746 Thesaurnmque
859 1682 895 1726 oo
912 1667 1050 1746 tempore
1074 1663 1282 1745 conscriptam

136 1791 207 1835 esse
230 1770 410 1853 credideris,
434 1790 496 1855 qno
522 1772 661 1836 Athenae
684 1772 742 1835 sub
766 1769 919 1835 Demetrii
937 1771 1133 1834 Poliorcetae
1156 1770 1281 1835 dicione

135 1887 244 1962 erant,
274 1882 294 1944 i.
318 1900 345 1945 e.
369 1882 443 1945 inde
467 1881 505 1945 ab
536 1903 561 1945 a.
586 1884 649 1945 294
673 1901 772 1965 usque
801 1882 840 1944 ad
863 1902 889 1944 a.
914 1882 984 1943 287.
1031 1879 1205 1944 Oblocutus
1235 1885 1282 1944 est

137 1991 380 2072 Ostermayerus
410 1992 428 2054 l.
454 1992 470 2054 l.
494 2012 522 2075 p.
548 1993 596 2054 52.
642 1991 833 2075 Ubicunque
866 1992 951 2054 eninr
982 2010 1001 2053 a
1029 1990 1152 2074 graecis
1183 1991 1281 2073 scrip-

135 2100 259 2164 toribus
281 2085 339 2164 rex
356 2120 427 2163 cum
441 2102 553 2184 regina
569 2102 756 2164 coniunctus
780 2101 829 2182 sit,
851 2100 884 2163 id
908 2100 947 2163 ad
964 2101 1124 2164 neminem
1140 2105 1280 2184 spectare

136 2210 202 2273 nisi
236 2208 274 2272 ad
308 2205 437 2292 ἄρχοντα
478 2208 602 2294 βασιλέα
636 2216 667 2274 et
706 2207 872 2292 βασίλινναν
904 2210 972 2272 eius
1005 2228 1154 2291 uxorem,
1186 2229 1280 2273 versu

136 2325 254 2400 autem,
277 2318 316 2381 de
339 2338 401 2402 quo
426 2320 539 2403 agitur,
561 2339 670 2403 regem
690 2319 864 2402 significari
889 2319 1019 2401 reginae
1034 2319 1280 2403 praecipientem

136 2429 215 2512 quid
246 2447 372 2511 quoque
401 2429 433 2490 in
463 2449 550 2493 sacro
572 2432 675 2493 facere
707 2446 834 2491 necesse
863 2428 919 2506 sit3
951 2431 1045 2510 atque
1075 2428 1121 2490 sic
1152 2427 1279 2491 demum

135 2532 297 2618 quandam
320 2534 383 2596 vim
407 2535 511 2599 inesse
533 2536 565 2598 in
590 2535 815 2618 Megaronides
838 2534 951 2616 verbis,
983 2536 1131 2617 quoniam
1156 2538 1281 2618 „omnia

114 2643 297 2724 mysteriis
320 2642 485 2706 obscurata
507 2643 641 2724 fuerint,
675 2648 710 2706 ut
731 2643 800 2706 fieri
832 2663 894 2706 non
918 2644 1072 2727 potuerit,
1101 2648 1136 2705 ut
1164 2643 1198 2705 in
1222 2664 1279 2726 pu·

134 2750 257 2814 blioum
280 2751 458 2831 evaderent,
485 2769 565 2833 quae
589 2750 723 2814 dixisset
746 2747 883 2834 βασιλεὺς
909 2748 1088 2835 βασιλίννῃ.“
1126 2749 1280 2815 Profiteor

135 2855 394 2936 Ostermayerum
431 2855 510 2916 milri
539 2856 729 2918 sententiam
769 2876 858 2920 suam
896 2875 956 2917 non
985 2855 1143 2940 probasse.
1199 2855 1280 2920 Mire

133 2963 274 3047 profecto
305 2963 451 3046 opinatus
480 2968 528 3026 est
556 2982 665 3047 regem
693 2983 853 3027 sacrorum
884 2965 992 3045 uxori,
1023 2982 1103 3046 quae
1135 2964 1280 3028 facienda

134 3076 259 3153 essent,
289 3072 323 3134 in
354 3090 463 3134 aurem
486 3072 642 3136 dicentem
665 3073 878 3156 significatum
910 3090 991 3148 esse,
1024 3073 1114 3154 quasi
1136 3069 1202 3136 fere
1224 3073 1278 3136 ad-

191 3258 195 3266 ’
225 3268 251 3339 *)
270 3269 418 3323 Antiochia
437 3284 544 3336 quoque
563 3269 645 3336 paulo
666 3274 730 3336 post
755 3269 831 3323 illam
851 3269 940 3337 ipsam
958 3284 1078 3337 pugnam
1097 3267 1208 3322 condita
1228 3273 1278 3337 eat,

132 3361 171 3418 cf.
192 3362 263 3415 Plut.
283 3361 403 3415 Demetr.
424 3363 465 3414 32.
716 3418 719 3423 ,

223 3454 264 3525 **)
282 3456 433 3522 Plerosque
452 3454 571 3508 editores
591 3460 700 3508 secutus
720 3470 786 3510 sum.
819 3436 993 3509 ’Coniunctivi
1011 3455 1179 3523 potentialis,
1200 3470 1280 3522 quem

130 3548 259 3616 agnoscit
277 3547 454 3617 Niemcyerus
480 3547 508 3600 in
526 3546 615 3599 Brixii
633 3546 752 3601 editione
772 3553 885 3615 quarta,
913 3547 957 3601 hic
980 3549 1070 3601 locum
1095 3547 1200 3601 nullum
1219 3563 1280 3602 esse

129 3646 195 3696 totu
222 3641 314 3708 arguit
333 3639 530 3693 sententiarum
554 3639 642 3706 rati03
668 3640 692 3692 si
716 3640 800 3708 igitur
826 3645 948 3694 tenemus
980 3656 1049 3708 quae
1076 3638 1181 3694 tradita
1206 3645 1278 3709 sunt,

130 3733 268 3788 transitus
293 3737 335 3786 est
354 3732 382 3784 in
401 3732 604 3784 constructione
623 3732 740 3786 relativa
766 3749 783 3788 a
802 3734 973 3788 coniunctivo
993 3732 1073 3788 modo
1099 3733 1135 3787 ad
1153 3733 1279 3788 indicati-

87 3846 90 3852 ·
129 3842 211 3892 vum,
238 3826 314 3878 cuius
333 3824 475 3878 varietatis
495 3825 571 3877 nulla
596 3825 668 3878 ratio
688 3833 812 3894 apparot.
850 3828 908 3880 lam
932 3829 1083 3881 clausulam
1111 3840 1205 3881 versus
1225 3830 1277 3881 207

130 3933 199 3972 cave
220 3921 354 3985 temptes,
380 3916 522 3982 flagitatur
550 3916 635 3983 igitur
659 3919 827 3972 constructio
850 3919 1063 3987 interrogativa,
1092 3934 1108 3972 a
1136 3933 1191 3986 qua
1223 3905 1278 3972 non

129 4010 216 4063 semel
236 4009 364 4062 Plautum
389 4007 425 4060 ad
450 4008 593 4062 relativam
619 4010 752 4063 transisse
772 4011 896 4078 exempla
921 4010 1019 4063 docent
1046 4009 1216 4062 aLorenzio
1242 4007 1278 4064 ad

129 4103 216 4158 Most.
240 4118 264 4155 v.
285 4103 336 4155 969
363 4101 456 4154 allata.
495 4101 659 4169 Corruptela
684 4102 875 4170 antiquissima
894 4133 927 4146 -—
948 4120 1010 4157 nam
1036 4102 1071 4156 ad
1094 4103 1152 4157 eius
1172 4102 1279 4157 demum

130 4195 287 4263 exemplum
305 4194 483 4262 interpolatio
503 4193 604 4248 codicis
617 4198 642 4248 A
660 4196 689 4248 in
707 4214 729 4249 v.
745 4199 797 4249 208
815 4194 892 4249 facta
910 4196 1018 4250 videtur
1039 4228 1070 4236 -
1089 4196 1118 4248 ni
1136 4194 1221 4250 fallor
1238 4196 1279 4251 ita

130 4293 271 4355 ertatem,
300 4292 332 4340 ut
356 4287 387 4341 id
406 4286 470 4339 olim
489 4293 663 4351 correcturae
683 4303 767 4343 causa
791 4304 874 4357 super
898 4290 970 4358 quod
988 4289 1121 4358 scriptum
1139 4290 1181 4358 (ut
1199 4288 1278 4346 fieret

131 4381 215 4454 quid)
231 4387 329 4453 postea
347 4380 376 4433 in
394 4395 502 4434 versum
520 4380 672 4451 irrepserit.
