2836 4838
570 297 612 362 63

61 471 139 534 ralis
175 476 223 534 est
256 490 313 535 nec
343 472 382 535 ad
412 477 532 536 certum
565 472 723 552 quoddam
753 473 934 554 exemplum
968 473 1144 557 quadrans,
1173 477 1208 537 ut

61 582 178 645 docent
220 580 281 643 loci
316 600 502 664 graecorum
537 586 700 665 poetarum
740 580 779 645 ab
818 582 992 646 editoribus
1029 582 1209 666 comparati,

62 691 162 754 veluti
186 688 278 771 Soph.
303 688 338 754 Ο.
351 689 387 754 R.
413 690 485 772 165,
507 690 599 753 Hom.
618 690 652 752 ll.
672 690 708 771 V,
722 691 794 771 115,
815 692 911 754 Arist.
928 692 1003 754 Aah.
1019 693 1092 773 405,
1112 692 1209 755 Thes·

61 800 167 883 moph.
194 800 286 879 1155,
310 797 391 864 Nub.
415 799 486 862 356.
532 799 635 882 Igitur
657 799 820 863 Euclionis
845 799 939 863 verba
967 801 1001 863 in
1025 801 1209 883 quaestione

61 914 171 973 nostra
194 907 409 990 neglegamus.

152 1015 212 1079 Sed
237 1017 300 1078 iarn
327 1015 359 1078 id
383 1015 570 1098 Kiesslingii
595 1017 769 1079 sententiae
791 1016 897 1080 favere
921 1017 1082 1081 nonnullis
1105 1017 1208 1080 visum

62 1131 121 1206 est‚
145 1126 229 1209 quod
252 1127 346 1205 coqui
368 1125 452 1188 servi
473 1126 676 1201 inducuntur,
700 1145 779 1209 quos
803 1127 864 1199 nisi
887 1147 904 1189 a
924 1125 1094 1210 Posidippo
1118 1144 1208 1190 nsur-

62 1239 154 1319 patos
178 1254 240 1296 non
263 1253 332 1298 esse
357 1235 507 1298 Athenaei
533 1235 620 1297 locus
643 1254 737 1318 supra
761 1234 939 1317 exscriptus
962 1239 1101 1299 testatur.
1149 1231 1208 1296 Oui

62 1346 92 1408 si
115 1343 210 1407 fidem
235 1343 396 1420 habemus
419 1344 578 1427 sequitur,
612 1348 645 1405 ut
667 1342 851 1407 Aululariae
873 1343 1055 1426 exemplum
1078 1343 1207 1406 atticum
1247 1348 1257 1381 '·

63 1470 129 1514 non
155 1453 290 1535 potnerit
312 1460 383 1515 ente
407 1472 432 1514 a.
458 1452 520 1514 290
545 1451 694 1530 doceri*)‚
717 1451 750 1513 id
775 1452 859 1534 qnod
883 1452 922 1514 ed
946 1451 1107 1515 Gallorum
1132 1458 1209 1515 tem·

62 1581 142 1645 pora
165 1561 280 1645 optime
304 1562 458 1624 convenit.
504 1561 610 1643 Atque
635 1562 710 1644 qnin
740 1562 833 1643 coqui
864 1579 898 1624 re
930 1580 1005 1624 vera
1035 1562 1118 1624 servi
1148 1561 1213 1624 sint

64 1690 258 1755 quamquam
276 1669 315 1732 de
329 1669 395 1731 foro
412 1669 568 1750 conducti,
592 1669 728 1732 dubitari
744 1671 855 1752 nequit
872 1675 1055 1753 propterve.
1073 1671 1134 1733 309
1148 1689 1208 1752 sq:

199 1775 321 1840 Censen
343 1774 494 1839 talentum
518 1797 664 1857 rrrrrpntnn
687 1778 814 1839 exorari
835 1781 908 1855 pote

198 1884 250 1947 Ab
273 1884 351 1947 istoc
373 1903 454 1956 sene,
478 1889 513 1946 ot
536 1885 586 1948 det
608 1886 661 1964 qni
682 1886 797 1964 finanus
822 1885 940 1948 tiberi?

66 1995 185 2059 nollem
216 1998 322 2057 autem
362 2013 380 2057 a
410 1995 580 2077 nescioquo
610 1995 723 2057 allatus
755 2000 837 2059 esset
871 2016 895 2058 v.
920 1997 999 2059 458:
1034 1994 1098 2075 iope
1127 1995 1212 2076 opitu

65 2120 200 2179 nocolone
236 2118 372 2183 namque
409 2099 521 2163 Euclio
558 2099 768 2183 Congrionem
803 2121 929 2165 servum
967 2120 1035 2165 esse
1076 2103 1211 2185 ignorat.

64 2209 191 2274 Deinde
221 2229 315 2293 supra
338 2209 542 2293 exposuimus
568 2209 728 2272 Athenaeo
757 2209 853 2273 fidem
885 2229 947 2273 non
970 2228 1098 2293 prorsus
1121 2208 1211 2272 abro-

64 2319 204 2404 gandam
228 2336 310 2396 esse3
343 2319 440 2380 immo
464 2336 536 2380 eum
560 2319 745 2381 Aululariae
773 2318 864 2382 facile
896 2318 1038 2381 oblivisci
1062 2319 1211 2402 potuisse,

65 2429 216 2512 qnoniam
241 2444 358 2509 coquos
381 2444 443 2488 non
468 2425 584 2489 liberos
606 2445 674 2489 esse
697 2446 760 2489 uno
784 2432 904 2489 tantum
923 2424 1077 2490 versiculo
1101 2425 1211 2490 edoce·
1255 2500 1268 2525 b

64 2556 139 2600 mur
149 2534 204 2611 **).
244 2532 454 2610 Quamobrem
471 2532 679 2616 Posidippum
703 2534 798 2597 huius
820 2534 945 2598 fabulae
960 2540 1119 2599 auctorem
1143 2553 1211 2598 esse

64 2644 276 2710 libentissime
292 2643 501 2725 crederemus,
523 2645 551 2706 si
574 2649 677 2707 cetera
700 2645 806 2707 omnia
833 2645 907 2707 huic
935 2645 1076 2727 opinioni
1099 2663 1212 2707 eonve-

64 2756 180 2818 nirent.

155 2862 198 2926 At
220 2862 409 2945 gravissima
432 2861 563 2924 obstant.
598 2860 699 2925 Notus
722 2867 770 2925 est
792 2861 929 2925 Oboricii
949 2859 1100 2925 Gazensis
1123 2862 1211 2925 locus

67 2970 176 3048 (revue
200 2967 238 3031 de
253 2967 456 3050 philologiel
481 2988 508 3050 p.
526 2968 611 3048 228),
634 2968 689 3031 ubi
713 2987 784 3031 enm
809 2967 889 3031 aliae
912 2986 1065 3051 personae
1081 2967 1211 3030 Menan-

63 3077 160 3140 dreae
187 3075 357 3139 laudantur
388 3080 455 3139 tum
483 3073 641 3158 Σμικρίνης
674 3075 689 3136 ὁ
723 3074 830 3144 δεδιὼς
863 3076 902 3158 μή
933 3098 960 3136 τι
991 3079 1048 3136 τῶν
1081 3071 1163 3135 ἔνδον
1196 3074 1211 3134 ὁ

64 3181 176 3253 κάπνος
223 3178 334 3266 οἴχοιτο
377 3180 497 3265 φέρων,
531 3203 666 3267 quocum
718 3184 902 3266 interpretes
950 3187 1216 3266 comparaverunt
1253 3188 1270 3218 V

65 3293 142 3359 Aul.
167 3313 194 3354 v,
218 3293 298 3356 299:

203 3398 286 3479 Quin
310 3398 414 3462 dinoot
438 3403 528 3480 atque
551 3398 709 3461 leontinum
734 3397 848 3460 eiuraret
873 3397 1021 3461 continuo
1042 3398 1147 3479 fidem,

198 3505 248 3571 Da
270 3528 326 3571 suo
350 3507 450 3591 tipilio
471 3509 580 3589 ptumus
602 3509 630 3569 si
653 3528 714 3587 quo
737 3507 803 3571 erit
823 3507 924 3586 foros,

156 3616 354 3701 Quamquam
378 3618 454 3681 baec
477 3617 594 3680 similia
621 3617 724 3700 potins
756 3636 849 3700 quam
874 3616 984 3680 eadem
1007 3635 1076 3680 esse
1099 3614 1211 3679 Ussin-

65 3726 143 3812 gius
165 3726 353 3808 observavit,
374 3745 445 3789 cum
470 3725 552 3809 apud
568 3724 777 3789 Menandrum
799 3724 905 3789 fumus
928 3743 968 3788 ne
992 3724 1069 3807 quid
1092 3723 1214 3788 auferat

159 4021 185 4093 *l
204 4022 383 4093 Posidippum
402 4023 485 4078 tertio
510 4027 574 4091 post
593 4021 752 4076 defunctum
771 4020 951 4076 Menandrum
975 4035 1046 4073 anno
1066 4017 1154 4086 primo
1174 4014 1215 4069 fe·

65 4117 161 4171 hulam
180 4116 288 4170 dedisse
308 4115 405 4170 Suidas
426 4121 591 4169 auctorest.
629 4116 670 4169 De
689 4113 835 4168 Menandri
854 4119 945 4167 aetate
963 4111 997 4166 cf.
1018 4112 1160 4167 Kaibelius
1180 4109 1216 4164 ad

65 4209 150 4263 inser.
171 4208 244 4261 Sicil.
265 4214 293 4263 et
312 4208 373 4261 Ital.
396 4211 471 4261 1184.

158 4299 199 4368 **)
220 4301 280 4354 Nisi
294 4300 439 4361 statuimus
455 4298 606 4367 exemplari
624 4299 708 4353 attico
724 4298 827 4352 liberos
847 4313 948 4364 coquos
962 4297 1099 4353 adhibitos
1119 4294 1214 4363 fuisse,

65 4398 101 4451 ut
118 4392 186 4449 fecit
205 4394 383 4455 Franckenus
402 4394 419 4447 l.
439 4394 456 4446 l.
477 4410 503 4462 p.
524 4395 576 4446 215
596 4408 635 4460 sq.
