2836 4838
146 1199 224 1263 Cum
248 1202 281 1262 in
306 1201 453 1265 omnibus
475 1202 541 1266 fere
564 1202 635 1265 aliis
659 1206 691 1265 et
712 1200 904 1265 Graecorum
937 1203 969 1263 et
989 1197 1205 1262 Romanorum

57 1310 272 1372 monumentis
305 1310 475 1373 tractandis
504 1310 633 1392 singula
664 1328 774 1373 eornm
808 1313 949 1391 tempora
978 1305 1110 1371 definire
1143 1303 1205 1367 viri

57 1415 142 1478 docti
165 1417 358 1498 studuerint,
393 1422 429 1480 ut
461 1417 538 1499 quid
567 1417 607 1479 ad
637 1436 696 1480 sna
717 1416 843 1480 saecula
864 1415 1059 1479 aestimanda
1081 1413 1210 1476 valeant

56 1528 152 1606 atque
175 1543 256 1607 quae
272 1527 426 1608 cuiusque
442 1525 579 1588 auctoris
594 1525 718 1589 indoles
733 1525 831 1588 fuerit
853 1529 884 1588 et
904 1543 997 1608 quem
1020 1521 1206 1587 admodum

57 1634 198 1696 exercita
221 1638 314 1716 atquc
338 1635 463 1697 exculta
486 1634 535 1714 sit,
559 1639 654 1717 queat
669 1634 829 1717 cognosci,
851 1632 891 1696 de
907 1632 1080 1696 comoediis
1094 1630 1207 1711 atticis,

56 1741 86 1803 si
103 1741 349 1822 Aristophaneus
371 1760 431 1804 nec
453 1760 516 1804 non
541 1761 657 1824 pancas
679 1742 757 1805 alias
781 1741 968 1824 excipimus,
989 1740 1023 1801 in
1046 1758 1117 1803 eam
1138 1756 1205 1801 rem

57 1848 221 1930 inquirere
244 1849 347 1911 adhuc
370 1851 621 1932 supersederunt.
667 1850 779 1934 Neque
801 1850 835 1912 id
859 1850 983 1912 mirum.
1028 1848 1109 1913 Nam
1134 1866 1207 1911 cum

57 1956 105 2018 eis
120 1955 280 2036 subsidiis,
294 1956 411 2038 quibus
427 1957 499 2020 talis
514 1959 655 2040 quaestio
670 1959 704 2020 in
718 1958 830 2023 ceteris
841 1956 1047 2040 scriptoribus
1058 1974 1206 2040 magnam

56 2070 177 2148 partem
195 2065 275 2127 solet
289 2065 443 2145 adiuvari,
465 2085 583 2149 genere
599 2066 735 2148 dicendi,
752 2067 989 2149 compositionis
1002 2069 1077 2147 arte,
1092 2069 1208 2128 metro·

58 2193 128 2235 rum
152 2172 288 2253 ratione,
323 2178 466 2235 veterum
490 2173 627 2256 denique
657 2173 697 2236 de
720 2173 785 2236 vita
808 2192 915 2237 eorum
940 2177 1034 2256 atque
1059 2170 1208 2255 operibus

58 2281 265 2362 testimoniis,
297 2281 329 2343 in
364 2281 494 2345 comicis
525 2282 716 2346 Graecorum
751 2283 867 2365 poetis,
900 2301 1034 2365 quorum
1064 2281 1208 2364 integrae

56 2390 182 2454 fabulae
216 2391 278 2453 nisi
312 2410 367 2474 per
397 2391 546 2455 Plautum
579 2392 825 2474 Terentiumque
857 2395 998 2454 servatae
1031 2408 1095 2451 non
1124 2393 1209 2470 sunt,

60 2499 202 2562 destituti
225 2500 333 2579 simus,
356 2500 423 2562 sola
447 2518 527 2582 quae
549 2500 583 2560 in
603 2499 720 2562 fabulis
742 2498 819 2581 ipsis
834 2502 1007 2561 tractantur
1021 2502 1210 2582 argumenta

60 2608 151 2670 nobis
174 2608 294 2669 auxilio
319 2626 387 2671 esse
410 2613 542 2691 possunt
564 2608 603 2670 ad
627 2613 768 2690 tempora
791 2626 898 2670 earnm
923 2606 1110 2671 definienda
1148 2606 1206 2670 At-

59 2736 122 2800 que
153 2718 187 2779 in
210 2717 279 2799 ipsa
307 2716 366 2779 hac
396 2736 429 2780 re
459 2735 496 2780 eo
518 2715 678 2798 iniquiore
700 2716 826 2780 fortuna
850 2714 984 2797 utimur,
1017 2715 1101 2800 quod
1123 2715 1208 2799 talia,

58 2824 207 2908 qualibus
230 2826 343 2887 atticus
366 2830 457 2907 poeta
479 2829 671 2907 spectatores
693 2825 784 2888 valde
807 2825 1025 2901 delectaverat,
1049 2843 1121 2888 cum
1143 2823 1207 2888 Ro·

59 2951 226 2995 manorum
243 2933 373 2995 fortasse
388 2951 481 2995 nemo
496 2932 683 3015 intellegere
695 2937 808 3016 posset,
831 2952 1057 3016 saepenumero
1073 2953 1091 2995 a
1108 2932 1208 3015 poetis

60 3040 207 3123 palliatae
237 3040 417 3104 comoediae
448 3046 503 3104 aut
531 3042 647 3105 omissa
680 3046 735 3105 aut
764 3046 884 3105 mutata
913 3041 1075 3124 latinoque
1104 3041 1209 3105 coloro

57 3149 190 3211 inducta
223 3154 303 3211 sunt.
362 3150 493 3213 Accedit
527 3150 589 3213 alia
624 3149 802 3213 difficultas.
853 3150 993 3214 Terentii
1025 3150 1205 3214 testimonio

59 3257 172 3335 (Andr.
197 3257 272 3340 prol.
299 3258 349 3334 18)
382 3263 504 3321 constat
525 3257 674 3321 Plautum
707 3278 770 3321 non
802 3277 926 3341 semper
954 3277 1068 3342 graeca
1098 3276 1206 3321 exem·

57 3365 159 3449 plaria
182 3365 365 3447 simpliciter
397 3367 608 3447 transtulisse,
639 3367 694 3429 sed
728 3367 905 3447 interdum,
937 3375 971 3430 ut
990 3367 1129 3430 Terentii
1156 3367 1209 3430 in·

55 3475 202 3537 vidorum
226 3494 302 3537 voce
326 3479 403 3556 utar,
429 3476 666 3538 contaminasse.
712 3474 780 3538 lltsi
803 3481 907 3539 autem
938 3474 977 3538 ab
1001 3495 1110 3539 eorum
1133 3493 1205 3556 par·

54 3583 143 3648 tibus
166 3589 297 3666 stamus,
333 3585 387 3667 qui
413 3605 507 3667 quam
531 3582 739 3667 pauciss'mas
760 3583 883 3648 fabulas
912 3584 1028 3648 abillo
1051 3585 1096 3647 ita
1121 3604 1207 3648 com·

56 3693 174 3776 positas
190 3712 257 3755 esse
273 3694 473 3776 arbitrantur,
497 3714 559 3777 qua
582 3694 623 3757 de
645 3712 679 3757 re
696 3693 824 3757 hicnon
841 3693 930 3758 locus
953 3699 1000 3758 est
1016 3693 1206 3778 disputandi,

57 3805 164 3863 tamen
189 3804 252 3862 tota
275 3802 352 3865 baec
375 3805 518 3886 quaestio
542 3808 605 3866 tam
638 3822 700 3866 non
732 3803 771 3866 ad
795 3808 915 3866 certum
938 3801 1035 3866 finem
1056 3802 1207 3885 perducta

56 3912 113 3988 est,
131 3912 287 3970 utcontra
303 3909 341 3972 de
357 3911 527 3975 admodum
542 3912 651 3975 multis
666 3912 770 3975 adhuc
784 3910 1016 3994 philologorum
1032 3911 1207 3976 sententiae

56 4017 230 4080 varientur.
279 4014 475 4101 Quamquam
499 4020 599 4103 igitur
630 4018 762 4083 fortasse
786 4020 881 4082 nimis
903 4020 1063 4082 temerarii
1085 4019 1207 4085 indica·

56 4125 180 4205 bimur,
214 4126 298 4209 quod
321 4125 441 4191 alienas
462 4128 586 4191 fabulas
608 4147 649 4191 ne
672 4147 728 4211 pro
752 4147 815 4192 una
838 4133 1007 4192 tractemus
1029 4129 1207 4212 pericnlum

53 4235 198 4316 facimus,
232 4241 337 4299 tamen
361 4236 452 4300 nobis
475 4237 713 4331 proposuimuS,
747 4236 862 4320 quibus
885 4237 1079 4322 temporibus
1100 4239 1207 4305 Plauti

55 4344 205 4427 exempla
227 4346 321 4408 attica
345 4345 435 4409 docta
457 4347 529 4427 sint,
552 4350 707 4430 quantum
732 4345 802 4410 fieri
825 4347 931 4431 possit,
953 4348 1119 4431 expiscari

957 4456 975 4519 1
