2836 4838
610 252 651 315 39

47 429 180 513 Thebas,
203 447 274 493 oum
298 426 453 508 Epidicus
477 425 661 509 docebatur,
692 428 757 490 iam
781 427 896 490 multos
920 444 1018 489 annos
1042 423 1200 488 restitutas

49 541 149 604 fuisse
180 539 256 603 inde
279 541 422 622 apparet,
453 536 538 619 quod
568 535 613 599 ibi
637 535 784 620 Philippa
813 535 912 600 filiam
940 540 1047 619 postea
1080 538 1202 619 captam

48 649 174 733 peperit
207 651 246 726 (v.
271 646 353 710 636;
389 649 498 708 uotum
535 644 662 722 Thebis,
695 644 861 725 Epidauri
894 642 1019 728 sutum).
1072 642 1205 708 Restant

50 759 154 842 igitur
177 757 258 821 duae
281 755 542 840 expugnationes
565 755 662 824 altera
684 776 710 819 a.
734 757 818 838 293,
852 756 950 819 altera
971 774 999 818 a.
1024 754 1087 817 290
1110 755 1202 831 facta,

52 886 190 952 quarum
235 870 367 949 utraque
408 868 443 927 ut
478 864 518 927 ad
551 863 632 928 hanc
661 865 800 929 fabulam
829 865 982 930 referatur
1010 863 1105 928 habet
1142 881 1204 944 quo

52 975 303 1040 commendetur.

142 1082 325 1148 Demetrius
348 1082 539 1147 Poliorcetes
570 1103 641 1147 cum
666 1103 692 1147 a.
716 1084 780 1146 294
811 1101 828 1147 e
852 1082 984 1146 Graecia
1006 1082 1140 1161 abisset,
1171 1087 1206 1147 ut

53 1210 156 1275 regno
179 1191 389 1255 Macedonum
412 1191 573 1274 potiretur,
595 1190 729 1274 Thebae,
753 1211 814 1275 quo
837 1190 992 1255 Lacheres
1014 1192 1205 1276 profugerat,

55 1300 267 1383 Cleonymum
297 1299 582 1364 Lacedaemonium
615 1318 688 1364 oum
728 1302 869 1366 exercitu
899 1299 1120 1365 advenientem
1151 1318 1206 1364 ox·

54 1415 206 1494 ceperant
227 1401 410 1493 ceterasque
430 1408 582 1474 Boeotiae
605 1410 749 1474 civitates
772 1416 1015 1488 commoverant,
1041 1415 1075 1474 ut
1096 1429 1205 1494 pacem

55 1519 151 1604 paulo
186 1525 259 1583 ante
292 1538 365 1582 curn
397 1517 558 1584 Demetrio
590 1520 787 1584 conciliatam
818 1519 1009 1585 dirimerent.
1064 1517 1133 1595 Qua
1172 1538 1206 1584 re

55 1629 186 1712 cognita
208 1628 236 1691 is
259 1628 350 1691 initio
374 1628 449 1690 anni
473 1629 536 1690 293
560 1647 600 1690 ex
623 1627 809 1691 Macedonia
831 1628 988 1711 profectus
1016 1627 1105 1692 brevi
1127 1631 1206 1692 tem·

56 1757 134 1822 pore
166 1741 197 1800 et
218 1736 383 1801 Boeotiam
406 1736 534 1820 subegit
564 1742 596 1800 et
616 1736 780 1800 Thebanos
811 1737 851 1800 ad
881 1737 1072 1802 deditionem
1104 1739 1209 1823 coegit

56 1850 154 1931 atque
177 1866 294 1930 magna
315 1846 430 1930 praeda
453 1847 614 1931 deportata
636 1847 866 1931 praesidiisque
894 1849 928 1910 in
958 1847 1089 1912 urbibus
1112 1847 1206 1912 collo·

57 1957 138 2020 catis
160 1957 291 2019 revertit
311 1955 344 2017 in
369 1955 595 2019 Macedoniam.
642 1955 704 2020 Sed
734 1976 806 2020 cum
837 1956 929 2040 paulo
960 1962 1030 2040 post
1055 1958 1089 2019 in
1111 1956 1207 2020 Thra·

50 2061 141 2126 ciam
174 2059 408 2144 expeditionem
436 2061 569 2144 faceret,
599 2061 711 2126 Boeoti
743 2062 847 2126 denuo
882 2059 1065 2126 defecerunt
1103 2065 1134 2125 et
1166 2060 1206 2125 ab

60 2171 222 2255 Antigono
239 2169 361 2234 Gonata
383 2171 427 2234 ita
450 2170 598 2235 debellati
620 2177 703 2254 sunt,
726 2176 761 2236 ut
774 2171 899 2236 Thebae
921 2170 1006 2234 solae
1027 2171 1209 2235 resisterent

58 2284 156 2363 atque
186 2279 313 2344 demum
344 2301 370 2343 a.
395 2280 475 2362 290,
508 2300 580 2344 cum
604 2278 784 2344 Demetrius
814 2281 879 2344 acri
908 2279 1012 2343 studio
1044 2279 1119 2342 satis
1152 2279 1208 2343 diu

60 2394 282 2473 oppugnasset,
305 2393 490 2473 caperentur
513 2389 561 2470 (cf.
577 2388 839 2453 Wilamowitaius
855 2390 929 2452 Ant.
949 2408 977 2454 r.
994 2386 1069 2452 Kar.
1091 2408 1119 2472 p.
1136 2389 1208 2472 242,

59 2497 192 2562 Nieaius
214 2519 242 2582 p.
266 2497 328 2561 366
353 2504 385 2563 et
408 2498 470 2561 369
493 2493 566 2581 sq.).

152 2610 254 2691 Atque
286 2606 326 2670 ad
357 2605 526 2690 Epidicum
559 2611 590 2669 et
619 2626 645 2669 a.
669 2607 732 2670 293
766 2611 797 2670 et
825 2626 851 2669 a.
875 2606 938 2670 290
972 2607 1080 2670 referri
1118 2625 1209 2690 posse

61 2717 176 2798 elucet,
199 2717 349 2799 quoniam
371 2716 435 2779 iam
459 2715 534 2779 inde
557 2715 595 2778 ab
619 2735 646 2778 a.
672 2716 736 2777 294
759 2716 903 2779 Athenae
925 2715 1083 2798 praesidio
1105 2735 1209 2782 mace·

62 2823 178 2888 donico
200 2825 233 2886 in
257 2823 367 2888 Museo
390 2825 541 2888 collocato
563 2823 623 2888 sub
643 2822 799 2889 Demetrii
821 2825 954 2909 imperio
978 2824 1209 2908 tenebantur*).

61 2932 136 2998 Non
159 2933 317 2997 attulerim
346 2953 400 3017 pro
424 2953 507 2997 anno
530 2935 593 2997 293
618 2934 826 2998 Athenienses
848 2933 982 2998 Lachari
1003 2934 1118 2998 Thebis
1141 2954 1210 2999 ver-

61 3042 148 3125 santi
177 3042 414 3107 inimicissimos
443 3043 557 3126 fuisse,
589 3063 662 3108 narn
695 3044 750 3105 vix
774 3043 877 3126 magis
898 3040 1048 3107 favebant
1077 3044 1123 3126 ei,
1156 3043 1212 3126 qui

62 3154 206 3237 ipsorum
238 3151 348 3216 urbem
380 3153 512 3216 antehac
542 3153 675 3218 liberam
705 3152 860 3216 militibus
889 3152 955 3217 suis
986 3157 1210 3236 occupaverat3

62 3266 160 3345 atque
183 3265 219 3325 ut
241 3261 343 3326 dicam
366 3262 450 3347 quod
474 3264 591 3346 sentio,
623 3263 702 3327 mihi
733 3282 797 3326 non
824 3261 986 3345 probabile
1010 3262 1136 3325 videtur
1158 3247 1212 3325 eos

62 3390 123 3436 sua
146 3375 257 3454 sponte
280 3370 402 3435 auxilia
425 3371 576 3436 adversus
590 3372 713 3436 Thebas
735 3371 869 3454 misisse,
892 3391 1004 3435 verum
1028 3372 1131 3454 potius
1153 3372 1213 3434 im·

62 3483 194 3565 perante
217 3500 294 3565 rege
316 3481 536 3546 Macedonum.
582 3481 683 3545 Multo
706 3483 837 3566 gravius
867 3485 932 3564 est,
962 3481 1047 3564 quod
1075 3481 1213 3564 priorem

61 3590 255 3655 Boeotorum
285 3591 472 3656 seditionem
495 3591 677 3657 Demetrius
698 3590 891 3656 Poliorcetes
923 3595 987 3654 tam
1015 3589 1105 3656 brevi
1134 3594 1213 3656 tem·

58 3918 124 3982 208,
144 3917 196 3970 210
216 3931 291 3985 squ,
310 3933 365 3970 non
384 3914 585 3970 mercennarios
605 3931 678 3984 esse,
704 3916 799 3983 quales
825 3914 885 3970 fere
911 3913 940 3968 in
966 3913 1112 3969 comoediis
1137 3911 1215 3978 indu.

59 4015 177 4077 cuntur,
203 4009 253 4065 sed
280 4010 488 4064 Atheniensium
513 4010 608 4079 copias
632 4010 666 4080 (v.
688 4014 753 4064 212:
775 4010 849 4078 filios
873 4025 938 4064 suos
963 4010 1077 4078 quisquo
1099 4008 1214 4086 uiuant),

58 4116 132 4172 quas
151 4102 247 4157 civitas
267 4102 329 4172 ipsa
348 4102 535 4156 obsidentibus
556 4101 678 4167 subsidio
691 4103 811 4170 miserit;
839 4118 902 4157 nam
920 4102 988 4156 urbe
1008 4100 1102 4157 dedita
1120 4101 1215 4157 statim

56 4195 173 4251 domum
191 4201 375 4250 revertuntur.

151 4287 177 4359 *)
196 4289 256 4342 Hoc
274 4295 349 4345 recte
370 4293 466 4343 contra
478 4288 651 4358 Droysenum
664 4287 785 4343 ostendit
794 4287 1021 4344 Wilamowitrius
1041 4286 1059 4342 l.
1073 4285 1090 4340 l.
1113 4303 1139 4356 p.
1154 4288 1215 4341 239.

30 4380 105 4442 'Illi
124 4395 254 4439 assensus
274 4387 317 4440 cst
335 4381 468 4451 Holmius,
487 4380 535 4440 Gr.
555 4379 652 4438 Gesch.
671 4380 710 4437 IV
728 4398 755 4451 p.
775 4384 817 4438 67.

964 4476 1011 4541 3*
