2836 4838
705 252 745 315 12

130 429 163 492 in
187 447 287 492 annos
310 429 373 492 309
397 433 429 492 ct
450 430 513 494 308
537 429 676 493 fabulam
699 432 862 513 propterea
893 429 973 492 berre
995 429 1172 511 quadrare,
1209 431 1283 513 quia

129 541 206 602 tuno
227 537 332 621 ipsum
348 538 539 621 Agathocles
560 539 674 602 itinere
697 539 731 601 in
746 537 880 600 Africam
903 539 984 601 facto
1000 536 1282 621 Carthaginienses

130 645 291 709 devicerat
312 649 343 709 et
364 645 403 709 ab
426 645 558 729 Ophella
574 645 767 728 Cyrenarum
792 666 867 729 rege
883 646 1062 726 Eurydicae
1077 647 1283 710 Atheniensis

130 752 244 816 marito
267 753 423 817 auxilium
440 755 600 838 petiverat,
624 754 738 818 deinde
762 756 843 818 inter
856 753 1014 834 Carystios
1037 758 1068 817 et
1079 752 1281 818 Demetrium

131 860 319 926 Phalereum
344 863 542 927 Athenarum
565 863 755 947 praefectum
779 862 954 926 simultates
977 881 1040 925 non
1064 867 1162 926 erant.

218 971 318 1035 Aliud
341 973 447 1036 minus
477 976 561 1036 recte
591 972 716 1035 videtur
747 970 923 1053 disputasse
951 974 1059 1034 contra
1089 969 1283 1034 Usenerum.

129 1076 231 1142 Cuius
254 1077 678 1162 dePolymachaeroplagide
693 1078 905 1142 coniecturam
929 1079 975 1142 sic
990 1080 1126 1142 retutme
1150 1084 1284 1142 conatus

132 1191 195 1269 est,
228 1190 264 1251 ut
294 1188 429 1250 militem
457 1185 613 1250 Demetrii
645 1187 865 1251 macedonium
901 1188 1005 1250 vocari
1042 1207 1102 1250 non
1139 1188 1283 1269 potuisse

134 1299 296 1377 statueret,
324 1295 401 1359 dum
432 1293 609 1359 Cassander
641 1295 846 1359 Macedoniae
877 1314 935 1358 rex
969 1301 1063 1377 esset,
1094 1293 1283 1359 Demetrius

130 1387 323 1469 Poliorcetes
345 1422 386 1467 ne
409 1404 613 1487 appetivisset
636 1405 766 1488 quidem
789 1423 933 1488 regnum.
976 1403 1147 1480 Quaeritur
1169 1405 1283 1486 igitur,

132 1511 211 1596 quid
225 1509 385 1594 significet
406 1512 497 1576 miles
512 1512 724 1576 macedonius.
757 1512 795 1574 ln
818 1513 950 1576 eandem
970 1513 1158 1576 sententiam
1182 1533 1282 1596 quam

132 1618 397 1685 Wilamowitzius
419 1621 591 1704 disputavit
610 1620 822 1704 RibbeolsiuS,
856 1642 927 1685 cum
961 1622 1000 1685 de
1031 1621 1187 1684 militibus
1212 1622 1283 1704 glo-

131 1728 225 1795 riosis
240 1728 364 1793 locutus
376 1735 432 1810 cst,
451 1729 520 1812 „dic
533 1730 569 1794 in
584 1729 860 1808 raucedonischcrn,
877 1729 1056 1811 apricollem,
1075 1729 1281 1807 rhodischcm,

133 1835 328 1919 hyprischem
351 1837 444 1903 Solde
466 1839 618 1903 stondca“
644 1840 771 1919 (Alazon
795 1860 822 1923 p.
848 1840 909 1919 34).
954 1838 1015 1902 Sed
1039 1839 1165 1922 quando
1194 1838 1282 1903 Rho-

132 1945 203 2011 dios
217 1963 326 2010 censes
342 1950 574 2012 mercennarios
590 1949 792 2029 conduxisse,
814 1948 960 2011 Euboeos
983 1968 1041 2012 sua
1056 1953 1166 2030 sponte
1190 1947 1283 2011 belli-

134 2072 262 2138 gerasse
286 2091 324 2100 —
349 2055 525 2120 Euboicum
550 2058 683 2120 militem
713 2059 748 2119 in
778 2057 910 2140 Epidico
934 2055 1157 2136 offendimus*)
1183 2064 1284 2121 —et

134 2163 191 2246 qui
213 2159 331 2227 factum
364 2182 432 2228 esse
454 2170 561 2248 putas,
594 2169 629 2228 ut
659 2165 742 2248 apud
765 2164 939 2228 Lucienum
972 2166 1055 2246 (dial.
1077 2171 1201 2229 meretr.
1228 2169 1281 2245 15)

136 2271 317 2355 στρατιώτης
356 2272 371 2333 h
411 2268 545 2342 Αἰτωλὸς
582 2277 859 2355 commemoretur,
890 2273 1046 2357 siquidem
1087 2279 1194 2337 notum
1236 2280 1284 2339 est

134 2381 319 2445 Aetolorum
351 2382 494 2445 civitates
527 2401 689 2465 nunquam
722 2383 782 2444 hoc
818 2386 957 2466 tempore
987 2383 1102 2446 milites
1134 2385 1281 2449 mercede

135 2488 344 2554 conduxisse!
378 2490 478 2554 Immo
508 2510 579 2555 meo
608 2491 736 2574 quidem
767 2491 886 2554 iudicio
914 2497 1036 2555 constat
1057 2492 1281 2556 macedonium

135 2597 268 2663 militem
290 2598 324 2663 in
347 2600 518 2664 comoediis
547 2619 620 2664 eum
643 2601 809 2684 appellari,
841 2602 896 2683 qui
920 2600 1047 2664 natione
1071 2600 1201 2664 Macedo
1232 2604 1283 2684 sit,

134 2706 220 2790 quod
243 2706 298 2789 qui
321 2707 462 2771 refellere
484 2707 637 2791 studebit,
671 2710 701 2773 ei
730 2716 802 2773 ante
825 2710 931 2772 omnia
956 2710 1178 2792 explicandum
1213 2713 1283 2795 erit,

134 2833 198 2898 quo
220 2819 310 2898 pacto
333 2815 415 2897 apud
439 2816 664 2899 Alciphronem
688 2818 736 2880 ΠΙ
760 2820 801 2881 58
823 2818 838 2878 ὁ
864 2814 997 2888 ltaliam
1021 2817 1105 2889 οὗτος
1133 2821 1282 2902 στρατιώ-

135 2945 198 3006 της,
222 2921 327 2987 11116
351 2945 392 2994 τις
412 2919 563 3006 Ἀκαρνὰν
586 2927 605 3007 ἢ
627 2922 761 2996 blatam
787 2925 980 3010 μισθοφόρος,
1005 2928 1087 3011 apud
1102 2927 1282 2992 Mucianum

136 3032 208 3099 dial.
231 3036 355 3098 meretr.
381 3033 615 3098 lAcarnanius
638 3036 737 3118 mileS,
764 3037 801 3098 15
820 3035 1024 3120 Megarensis,
1050 3037 1088 3098 13
1104 3036 1282 3100 Aristaech-

135 3161 207 3207 mus
230 3141 362 3206 Aetolus
383 3141 561 3206 laudentur.
606 3142 754 3208 Dubitari
778 3149 878 3228 potest
910 3145 948 3209 de
973 3144 1147 3225 Babylonio
1171 3146 1283 3228 milite,

136 3251 193 3335 qui
216 3249 248 3315 in
264 3249 452 3315 Truculento
469 3251 645 3330 inducitur3
677 3258 771 3336 atque
794 3272 867 3317 eum
892 3254 1020 3336 quidem
1044 3253 1163 3336 etipse
1186 3255 1282 3318 credo

136 3357 311 3440 Babylonis
334 3359 419 3442 regis
441 3358 593 3424 latronem
624 3361 702 3444 dici,
735 3362 838 3444 quode
868 3363 940 3426 vide
970 3363 1060 3426 infra.
1105 3362 1172 3425 lam
1206 3383 1282 3429 voro

136 3466 325 3533 Macedones
347 3486 409 3531 non
434 3469 533 3532 solum
558 3471 590 3532 in
615 3469 793 3555 Cassandri,
816 3490 925 3534 verum
949 3472 1044 3535 etiam
1067 3473 1100 3535 in
1124 3472 1283 3555 Antigoni

136 3575 310 3641 Ptolemaei
332 3575 455 3640 Seleuci
479 3577 659 3661 legionibus
683 3579 839 3663 stipendia
869 3581 1046 3663 merebant,
1081 3600 1177 3664 quare
1200 3583 1284 3645 nihil

137 3684 296 3770 prohibet,
327 3704 367 3749 ne
390 3683 625 3770 Cratesipolidis
658 3708 783 3772 quoque
816 3690 899 3753 inter
922 3689 1039 3752 milites
1072 3691 1150 3754 tales
1182 3689 1283 3756 fuisse

136 3794 333 3861 arbitremur.
377 3792 576 3879 Quamquam
598 3797 806 3862 libentissime
840 3798 978 3862 concedo
1007 3799 1041 3859 in
1071 3800 1165 3862 huius
1189 3818 1282 3863 erer-

137 3904 203 3971 eitu
238 3922 291 3968 eos
328 3923 454 3987 quoque
486 3903 673 3972 Macedones
710 3908 826 3988 fuisse,
864 3928 943 3992 quos
975 3913 1067 3972 autea
1097 3909 1283 3974 Alexander

226 4159 253 4231 *)
272 4161 351 4215 Hunc
376 4161 449 4229 quod
473 4164 699 4222 Wilamowitzius
725 4169 761 4222 im
784 4168 839 4224 ind.
860 4170 944 4223 schol.
970 4169 1044 4223 Cott.
1066 4170 1164 4236 189324
1190 4185 1216 4236 p.
1239 4171 1283 4236 14)

136 4250 166 4310 iu
183 4250 359 4307 Euboeorum
376 4253 500 4308 exercitu
518 4255 688 4324 militantem,
707 4264 775 4313 natu
794 4258 930 4313 Rhodium
950 4259 1108 4327 appellavit,
1134 4273 1225 4311 merae
1244 4258 1284 4310 in·

138 4341 225 4405 dubit
243 4341 423 4401 coniecturae.
