2836 4838
784 275 822 338 32

226 444 418 528 restituisse,
451 444 506 510 ubi
528 445 640 510 Lemni
671 447 789 511 mentio
812 449 900 512 nulla
921 449 957 512 fit
980 446 1081 529 (Diod.
1105 447 1176 512 XX
1198 450 1268 532 46),
1291 456 1373 535 atque

225 570 251 615 o.
276 554 339 616 314
375 573 435 616 non
467 555 560 619 modo
593 554 783 637 Dionysium
806 556 988 620 Munichiae
1020 555 1237 640 praefectum,
1274 577 1373 622 verum

226 663 320 727 etiam
351 662 548 729 Demetrium
582 664 770 730 Phalereum
804 686 822 730 a
854 666 1028 730 Cassandro
1062 667 1308 751 expeditionem
1344 687 1372 731 eo

224 772 327 836 faeere
349 775 471 838 iussum
497 793 574 857 esse,
596 783 631 838 ut
653 775 859 840 Lemnienses
882 777 921 840 ab
938 777 1089 860 Antigoni
1112 777 1270 842 societate
1294 797 1386 859 reio¹

226 887 312 946 earet
334 881 436 963 (Diod.
459 883 541 947 XIX
566 885 634 967 60),
664 885 700 963 yid
723 885 807 968 quod
831 885 887 948 vix
913 887 1031 949 fautum
1054 891 1151 969 esset,
1186 887 1254 951 nisi
1277 889 1374 952 insula

225 991 359 1075 imperio
383 994 625 1058 Atheniensium
648 995 760 1058 fuisset
781 995 958 1078 addieta*);
983 997 1042 1079 qui
1062 1017 1262 1080 quamquam
1287 999 1373 1062 etiam

226 1100 297 1164 aliis
314 1100 481 1166 Cassandri
504 1104 760 1187 expeditionibus
782 1106 1002 1188 interfuerunt,
1024 1110 1128 1169 tamen
1151 1125 1213 1169 sua
1234 1108 1373 1191 ipsorum

226 1211 325 1275 classe
355 1230 408 1275 eos
439 1213 608 1296 quiequam
638 1215 763 1278 mehtos
793 1233 879 1297 esse,
918 1215 995 1278 duni
1024 1213 1082 1278 sub
1111 1214 1211 1279 huius
1243 1217 1373 1300 imperio

224 1321 351 1403 fuerint,
374 1321 497 1404 probari
521 1324 641 1406 nequit.
689 1323 787 1389 Plane
809 1325 964 1388 incertum
984 1329 1040 1407 est,
1063 1324 1191 1408 quando
1207 1326 1320 1390 insula
1335 1328 1373 1390 eis

226 1435 332 1514 erepta
355 1433 403 1494 sit
448 1432 486 1494 A.
511 1434 573 1495 283
596 1431 747 1497 Seleucus
775 1435 937 1499 oleruehos
966 1438 1078 1518 πικρῶς
1107 1432 1372 1519 ἐπιστατουμένους

228 1536 283 1602 dud
308 1537 485 1625 Λυσιμάχου
510 1540 543 1603 od
578 1543 664 1626 μόνον
694 1542 838 1623 ἐξείλετο,
872 1540 949 1606 ἀλλὰ
978 1540 1028 1606 καὶ
1059 1539 1110 1614 τὰς
1140 1542 1242 1614 πόλεις
1280 1543 1372 1614 αὐτοῖς

226 1648 381 1712 ἀπέδωκεν
404 1649 575 1736 ἀμφοτέρας
599 1655 723 1734 (Athen.
747 1654 794 1718 VI
817 1655 881 1717 254
902 1655 951 1734 f.);
983 1655 1043 1718 etsi
1064 1654 1164 1737 igitur
1187 1655 1289 1718 etiam
1313 1632 1370 1719 idm

227 1757 338 1822 Lemni
370 1760 568 1844 habitabant,
599 1768 705 1826 tamen
737 1781 787 1826 res
817 1762 943 1846 publiea
965 1763 1211 1825 Atheniensium
1236 1763 1369 1826 insulam

226 1886 288 1930 non
313 1866 376 1931 iam
399 1869 587 1951 possidebat.
632 1870 669 1934 Id
693 1871 820 1934 demum
844 1870 936 1953 paulo
959 1875 1029 1953 post
1051 1888 1169 1933 annum
1187 1871 1252 1934 283
1271 1871 1369 1936 denuo

226 1977 341 2040 foetum
375 1996 443 2042 esse
474 1998 575 2062 nuper
596 1979 635 2043 A.
659 1979 862 2044 Wilhelmius
892 1981 924 2042 in
948 1979 1086 2043 Hermae
1120 1979 1180 2042 vol.
1204 1978 1327 2045 XXIII
1346 2001 1369 2064 p.

229 2087 293 2150 460
309 2107 354 2170 sq.
379 2087 612 2152 demonstravit.
658 2087 790 2164 Quando
807 2094 912 2152 autem
928 2095 1000 2152 ante
1019 2109 1045 2152 a.
1062 2090 1134 2170 283,
1157 2089 1290 2171 quando
1310 2093 1373 2173 post

227 2194 339 2259 Lemni
362 2196 494 2284 imperio
518 2196 639 2280 privata
662 2197 715 2279 sit,
747 2197 786 2261 de
809 2216 902 2261 earo
925 2218 996 2261 cum
1022 2216 1061 2261 ne
1083 2198 1284 2262 levissimum
1308 2199 1370 2282 qui·

228 2306 300 2370 dem
323 2306 497 2370 testimonii
520 2306 690 2391 vestigium
722 2307 875 2390 supersit,
908 2307 1023 2371 nostris
1051 2306 1163 2390 opibus
1194 2306 1372 2372 discernere

227 2416 404 2499 nequimus.

314 2526 411 2590 Plura
434 2526 546 2591 docent
569 2548 612 2591 vs.
628 2529 688 2591 531
705 2548 759 2610 sq.‚
783 2547 862 2610 quos
886 2546 956 2589 eum
982 2526 1036 2589 aiii
1058 2524 1214 2588 insiticios
1231 2526 1372 2590 arbitrati

228 2634 293 2698 sint
316 2643 346 2699 ot
368 2635 436 2718 ipso
452 2655 577 2719 quoque
594 2637 649 2700 diu
674 2637 712 2700 de
726 2637 875 2700 Plautina
888 2654 995 2698 eorum
1013 2635 1136 2718 origine
1152 2633 1372 2716 dubitaverim,

228 2743 386 2826 genuinos
416 2764 484 2808 esso
517 2765 601 2809 nunc
633 2765 696 2808 non
729 2765 854 2829 possum
889 2745 966 2827 quin
1000 2744 1153 2807 assentiar
1178 2743 1372 2810 Buechelero

228 2852 274 2936 (in
298 2852 447 2917 Schoellii
471 2855 565 2937 praef.
590 2872 619 2934 p.
643 2854 752 2934 XLV).
797 2855 867 2918 Non
898 2850 1118 2917 satisfaciunt
1151 2871 1234 2935 quae
1269 2858 1373 2918 oontm

229 2979 301 3025 oum
325 2960 497 3045 Ussingius
520 2961 640 3044 attulit,
674 2962 843 3026 dummodo
875 2980 916 3024 ne
947 2960 1155 3044 neglegemus
1184 2959 1253 3024 eod.
1283 2959 1313 3024 B
1343 2961 1373 3024 in

229 3091 256 3134 v.
282 3070 847 3154 531istaeanter-epinoehabere,
882 3071 966 3155 quod
989 3068 1060 3134 OD
1091 3071 1159 3133 sine
1191 3068 1290 3134 dubio
1323 3088 1374 3155 per

228 3199 365 3245 errorem
397 3181 578 3246 omiserunt.
623 3181 820 3246 Restituatur
850 3183 950 3265 igItur
981 3179 1114 3243 verbum
1144 3183 1175 3243 et
1202 3178 1373 3244 scribatur:

316 3289 354 3353 Is
377 3294 404 3354 te
427 3291 518 3355 dono.
564 3290 698 3355 Addere
714 3291 769 3358 hee
792 3296 824 3354 tet
841 3291 930 3354 istos.
976 3288 1038 3355 Sed
1053 3287 1132 3351 istae
1153 3288 1283 3368 reginae
1293 3287 1375 3352 demi

317 3397 399 3464 Seme
412 3401 501 3482 fuere
515 3401 638 3481 hindam
661 3421 767 3465 eeruru
782 3419 889 3463 eorauu
905 3396 1050 3480 petrium
1073 3415 1126 3479 epe
1150 3394 1252 3460 eeeidi
1268 3416 1375 3463 manre.

319 3506 355 3572 Is
378 3515 406 3573 te
429 3510 572 3594 dono**).

229 3615 371 3696 Eetion,
404 3619 488 3702 quod
512 3616 699 3700 Seyffertum
723 3623 850 3682 secutus
879 3617 912 3680 in
937 3636 964 3678 u.
990 3615 1052 3677 532
1076 3613 1212 3690 inserui,
1242 3613 1376 3678 faeiloa
1415 3702 1417 3711 Ι

229 3725 367 3790 librariis
397 3726 561 3809 praeteriri
591 3728 692 3810 potuit
718 3731 846 3811 propter
875 3722 1105 3808 ὁμοιοτέλευτον.
1153 3722 1243 3798 Quod
1278 3723 1378 3807 igitur

230 3831 451 3919 Stratophanes
474 3832 597 3916 Syriam
620 3854 654 3899 se
678 3853 878 3919 expugnasse
901 3832 1071 3917 gloriatur,
1099 3836 1182 3894 terra
1206 3848 1281 3893 cum
1304 3834 1378 3894 nota

319 4106 345 4177 *)
367 4082 408 4160 ‘uf
429 4106 586 4177 Droysenus
605 4108 632 4162 11
650 4126 676 4177 p.
697 4110 732 4163 24
751 4113 778 4162 et
796 4109 838 4162 25.

318 4199 360 4269 **)
379 4200 532 4256 Bellissime
546 4207 629 4269 poeta
642 4200 717 4268 feeit,
736 4206 767 4254 ut
780 4201 857 4255 miles
876 4199 991 4254 ancillas
1009 4195 1185 4251 taeterrimae
1204 4199 1232 4250 et
1251 4193 1380 4251 foedissi-

229 4309 288 4350 mas
298 4299 329 4348 ut
346 4291 483 4361 quondam
494 4294 604 4363 reginas
621 4299 796 4365 proponeret.
833 4292 865 4347 Id
881 4307 990 4361 quoque
999 4290 1100 4345 Plauto
1114 4289 1157 4344 vel
1171 4288 1264 4361 potius
1277 4304 1380 4362 graeco

233 4387 341 4446 auctori
359 4401 441 4457 quem
459 4386 653 4460 interpolatori
671 4388 794 4446 tribuere
813 4386 901 4459 quivis
920 4385 1010 4444 molet.
