2836 4838
778 274 798 337 6

309 444 379 510 Hoc
393 447 519 511 tandem
538 448 709 531 aliquando
725 448 847 511 institui
871 449 909 512 ad
932 449 1009 513 ahas
1025 470 1151 534 quoque
1168 454 1376 535 quaestiones

222 554 388 619 solvendas
410 576 471 619 non
495 563 597 639 potest
618 577 680 620 non
704 559 811 641 magni
829 559 988 622 interesse.
1029 559 1093 623 Sex
1108 562 1289 627 fabularum
1316 565 1373 647 qui

221 665 327 745 graeci
362 671 505 728 anctores
536 667 669 748 luerint,
703 685 743 729 111
775 666 915 750 prologis
948 668 997 730 vel
1027 668 1206 733 didascaliis
1240 673 1372 755 scimus,

218 777 380 852 praeterea
418 780 564 857 quattuor
599 776 737 838 virorum
760 772 941 839 doctorum
976 779 1147 860 sagacitate
1187 780 1226 842 ad
1266 787 1371 845 certos

219 887 326 964 poetas
348 882 464 946 relatae
487 891 569 965 sunt,
592 884 733 966 reliquae
756 883 795 946 ad
819 904 898 967 quos
921 886 1059 968 redeant,
1083 908 1278 971 quamquam
1303 911 1368 954 non

218 991 387 1055 defuerunt
417 994 471 1075 qni
502 993 567 1056 acri
589 992 692 1055 studio
715 992 868 1074 indagare
892 995 1129 1078 experirentur,
1161 1002 1267 1060 tamen
1292 1019 1367 1063 cum

218 1101 344 1183 saepius
375 1103 471 1164 nimis
494 1101 630 1164 lubricas
654 1102 721 1163 vias
745 1101 878 1183 inirent,
913 1104 1032 1164 nemini
1055 1104 1120 1167 fere
1144 1107 1294 1188 contigit,
1334 1114 1368 1170 ut

219 1211 405 1274 sententiam
441 1230 528 1272 suam
553 1210 749 1292 argumentis
781 1212 856 1273 satis
885 1211 1036 1293 gravibus
1067 1213 1198 1276 fulciret.
1245 1214 1367 1280 Melius

215 1314 316 1398 igitur
339 1315 378 1377 de
400 1314 459 1377 hac
481 1334 515 1377 re
538 1315 678 1378 iudicare
694 1315 874 1397 poterimus,
898 1315 952 1377 ubi
976 1336 1037 1398 quo
1061 1336 1205 1399 quaeque
1220 1323 1366 1403 tempore

217 1424 351 1486 Athenis
381 1429 451 1487 acta
473 1424 514 1487 sit
536 1424 732 1506 exploratum
764 1425 831 1487 erit.
875 1424 994 1506 Adde,¹
1018 1426 1102 1508 quod
1132 1446 1168 1489 eo
1199 1428 1225 1490 si
1249 1429 1367 1492 funda-

215 1540 321 1595 mento
344 1533 484 1614 nitimur,
506 1533 630 1596 tacilius
653 1533 812 1597 interdum
836 1534 896 1596 erit
917 1535 1054 1615 cognitu,
1087 1535 1210 1598 mediae
1233 1557 1366 1620 quoque

217 1641 398 1704 comoediae
430 1641 552 1704 fabulas
574 1640 705 1704 Plautus
730 1642 871 1712 verterit,
905 1661 986 1724 quae
1018 1661 1090 1705 oum
1124 1643 1257 1706 aliorum
1293 1628 1364 1708 111111

215 1749 369 1814 Μ11111111
393 1752 474 1831 (hist.
499 1752 565 1814 orit.
588 1772 615 1834 p.
641 1752 713 1826 303)
738 1751 893 1813 sententia
923 1751 998 1832 tuit,
1028 1771 1067 1814 an
1091 1752 1188 1815 solius
1212 1772 1315 1818 novae
1325 1754 1365 1834 *1.

300 1861 407 1943 Atque
430 1862 463 1922 in
478 1862 660 1924 universum
683 1861 710 1923 si
734 1859 796 1923 duo
819 1859 874 1922 illa
897 1878 1029 1942 graecae
1044 1861 1225 1923 comoediae
1240 1881 1366 1944 genera

215 1969 459 2050 consideramus,
483 1990 596 2032 novam
620 1971 723 2052 potius
747 1989 841 2052 quam
856 1968 994 2032 mediam
1018 1968 1159 2032 aPlauto
1176 1971 1363 2036 translatam

214 2094 282 2139 esse
306 2075 356 2138 vel
380 2082 442 2138 tota
465 2096 574 2138 earum
596 2076 727 2158 ingenia
750 2094 883 2157 arguere
907 2074 1062 2137 videntur.
1103 2071 1190 2138 Haeo
1214 2077 1298 2138 enim
1327 2086 1364 2142 ut

214 2200 275 2243 non
307 2200 398 2244 secus
430 2188 524 2264 atque
554 2180 609 2244 illa
643 2199 789 2261 magnam
820 2184 939 2261 partem
971 2180 1127 2241 variarum
1151 2199 1362 2262 personarum

213 2309 317 2352 mores
346 2290 568 2353 describendos
602 2290 663 2352 sibi
698 2289 846 2371 sumpsit,
881 2289 924 2350 ita
957 2307 1029 2350 cum
1065 2288 1292 2370 Aristophanae
1325 2292 1363 2354 id

213 2419 379 2464 commune
395 2400 538 2482 habebat,
562 2406 596 2463 ut
612 2419 672 2462 non
690 2399 886 2482 argumentis
900 2396 979 2460 bene
995 2397 1191 2481 explicandis
1208 2399 1361 2483 studeret,

213 2528 323 2572 verum
337 2510 477 2572 maximo
494 2528 587 2591 opere
604 2510 778 2573 elaboraret
792 2509 825 2569 in
843 2508 936 2570 certis
953 2525 1028 2569 suae
1045 2507 1154 2570 aetatis
1166 2507 1362 2593 hominibus,

212 2617 414 2700 philosophis,
434 2619 542 2700 poetis,
564 2618 611 2680 rei
626 2617 770 2700 publicae
782 2614 1054 2698 gubernatoribus,
1070 2615 1209 2677 externis
1224 2616 1360 2699 regibus

210 2727 398 2810 populisque
431 2725 479 2787 vel
502 2726 688 2787 nominatim
722 2723 771 2787 vel
801 2719 865 2784 1111
901 2721 1037 2783 ὑπόνοιαν
1061 2722 1239 2784 irridendis.
1285 2722 1360 2798 Qua

211 2836 250 2898 ab
279 2854 313 2897 re
347 2853 386 2896 ne
416 2834 448 2894 in
482 2833 629 2912 mythicis
659 2833 787 2915 quidem
818 2833 1028 2914 argumentis,
1063 2850 1144 2914 quae
1178 2849 1251 2913 prae
1284 2833 1360 2896 aliis

211 2944 336 3006 videtur
357 2941 527 3020 adamasse,
557 2959 685 3022 prorsus
708 2939 867 3002 abstinuit.
913 2939 1057 3021 Namque
1081 2941 1106 3001 si
1130 2940 1359 3004 1111111111-

209 3054 311 3117 larum
334 3053 510 3134 fragmenta
525 3049 719 3133 inspicimus
741 3067 889 3130 persaepe
908 3048 1051 3110 videmus
1075 3047 1149 3109 deos
1172 3050 1358 3115 aethereas

211 3163 267 3246 „de
291 3161 385 3225 rebus
408 3160 649 3222 Atheniensium
675 3158 777 3240 deque
800 3157 854 3237 eis,
877 3176 954 3239 quos
977 3156 1080 3218 ridere
1097 3156 1252 3239 volebant,
1274 3164 1358 3223 tam-

211 3292 305 3357 quam
328 3271 423 3354 probe
447 3268 508 3331 sibi
530 3270 612 3331 notis
634 3270 717 3330 inter
739 3287 807 3330 sese
829 3266 1034 3329 disserentes*
1058 3267 1104 3346 (ct'.
1122 3266 1265 3348 Cobotes,
1289 3270 1359 3335 obs.

210 3383 277 3445 crit.
301 3381 333 3442 11
358 3380 437 3443 Ρ111.
460 3399 537 3442 eom.
559 3399 588 3462 p.
615 3379 686 3458 124)
722 3397 779 3441 1111
811 3376 1060 3461 improbabiliter
1093 3382 1228 3440 statuere
1263 3379 1358 3444 nohis

213 3489 358 3551 videmur
387 3494 493 3570 poetas
522 3490 672 3570 tragicos,
704 3488 756 3569 qui
788 3488 897 3550 eadem
922 3493 1109 3568 argumenta
1139 3485 1220 3546 serio
1243 3490 1358 3551 tracta-

298 3721 323 3789 *)
343 3719 461 3773 Mediam
481 3717 647 3771 comoediam
667 3717 866 3770 commoditatis
891 3730 974 3768 carisa
997 3731 1056 3768 eam
1075 3714 1175 3782 dicam,
1202 3732 1271 3782 quae
1290 3725 1357 3773 ante

209 3812 360 3868 Alexandri
384 3811 477 3877 Magni
512 3810 539 3861 in
568 3810 691 3863 Persium
716 3807 916 3875 expeditionem
944 3806 1045 3860 lloruit.
1091 3810 1258 3874 Quarnqrnun
1283 3810 1357 3863 enim

208 3912 317 3960 constat
336 3922 396 3959 eam
416 3921 431 3957 a
451 3920 520 3956 nova
540 3903 666 3970 primitus
686 3918 739 3953 non
759 3907 890 3968 tompore,
916 3899 964 3952 scd
982 3915 1012 3952 re
1031 3906 1057 3953 et
1078 3901 1188 3954 notione
1207 3901 1356 3958 discretam

207 4015 267 4054 esse
296 3998 343 4068 (cf.
370 3997 512 4051 Kaibelius
542 3997 569 4048 in
598 3996 716 4049 Hermae
742 3994 794 4047 vol.
814 3994 904 4046 XXIV
930 4011 955 4061 p.
976 3997 1009 4046 57
1030 4010 1102 4061 sqq,
1128 3994 1356 4049 Wilamon'itzius

208 4092 304 4160 Eurip.
325 4091 437 4145 Herakl.
458 4090 470 4142 Ι
489 4107 515 4157 p.
538 4090 611 4158 134),
638 4095 729 4142 tamen
754 4086 813 4141 fieri
839 4087 883 4139 vix
911 4087 1014 4155 potuit,
1041 4088 1106 4153 quin
1131 4086 1225 4139 Alexis
1250 4085 1356 4142 mediae

208 4184 364 4239 comoediae
383 4190 466 4251 poeta
491 4184 518 4236 in
539 4182 738 4251 posterioribus
758 4181 859 4235 fabulis
879 4179 1108 4234 Menandrearum
1132 4179 1239 4245 ingenio
1260 4178 1357 4233 eodem

206 4278 286 4333 modo
310 4294 340 4332 se
361 4277 595 4343 accommodaret,
623 4292 675 4343 quo
695 4276 896 4347 Aristophanes
915 4275 943 4327 in
960 4271 1137 4327 retractanda
1156 4272 1237 4325 Pluto
1257 4275 1358 4327 mutati

205 4375 271 4424 tunc
291 4369 394 4425 saeculi
416 4370 551 4422 rationem
569 4369 711 4422 habuerat.
