2836 4838
133 544 471 650 Epimetrum.

220 706 482 774 Wilamowitzius
503 712 536 774 in
557 713 830 792 commentatione,
852 731 947 794 quam
969 710 1161 792 compluries
1185 729 1281 792 supra

132 811 342 895 laudavimus,
367 816 465 879 indici
487 818 665 880 scholarum
688 817 945 900 Gottingensium
966 837 995 878 a.
1020 817 1165 892 laamas
1191 834 1279 898 prae·

132 921 228 985 missa
249 944 278 1006 p.
303 927 344 988 13
359 946 427 1008 sqq.
448 925 566 990 Persae
587 932 618 990 et
640 926 766 1008 Epidici
787 931 905 989 aetates
927 924 1060 988 definire
1080 925 1218 998 studuit,
1241 925 1279 990 de

131 1031 220 1095 illius
241 1041 402 1115 praeterea
423 1036 548 1099 fabulae
569 1036 797 1118 compositione
818 1036 940 1118 primus
961 1035 1103 1097 omnium
1131 1035 1179 1097 ita
1203 1036 1279 1118 egit,

133 1146 168 1203 ut
189 1144 269 1205 ratio
292 1144 443 1226 postulat:
475 1147 611 1208 secrevit
641 1164 695 1224 ea,
725 1164 807 1228 quae
829 1144 869 1206 ad
891 1163 943 1207 res
964 1163 1128 1223 romanas,
1157 1143 1201 1206 ab
1226 1145 1279 1226 eis,

132 1270 214 1332 qnae
243 1253 283 1315 ad
305 1273 436 1335 graecas
457 1262 616 1336 spectant,
645 1255 817 1337 quaesivit,
848 1272 931 1336 qnae
952 1252 1143 1336 exemplaris
1174 1259 1279 1335 partes

131 1359 244 1423 Plauto
267 1363 436 1425 mutandae
456 1363 591 1443 fuerint,
621 1365 747 1426 atticam
776 1362 915 1426 fabulam
945 1364 1111 1426 restituere
1144 1370 1279 1428 conatus

132 1478 180 1531 est
201 1471 305 1532 atticis
328 1470 423 1534 rebus
445 1491 502 1554 pro
523 1474 663 1535 romanis
685 1472 872 1535 substitutis.
916 1471 998 1535 Casu
1020 1472 1138 1535 factum
1162 1479 1222 1545 est,
1247 1482 1281 1537 ut

132 1598 192 1662 ego
215 1580 326 1642 eodem
349 1585 489 1664 tempore
516 1583 549 1644 in
573 1582 700 1645 easdem
722 1581 902 1644 comoedias
923 1583 1127 1664 inquirerem.
1173 1585 1280 1666 Atque

131 1686 313 1770 deEpidico
336 1709 418 1772 quae
433 1692 614 1773 expiscatus
635 1709 716 1769 snm,
738 1691 793 1753 ubi
808 1689 944 1774 primum
959 1691 1058 1752 otium
1081 1692 1151 1772 erit,
1172 1691 1281 1774 publi-

131 1795 208 1857 cabo
233 1833 271 1841 -
297 1818 412 1881 magno
444 1806 550 1862 autem
582 1819 676 1884 opere
704 1800 857 1862 dissentio
887 1798 927 1861 ab
959 1799 1022 1880 eis,
1050 1800 1107 1882 qni
1138 1799 1178 1861 de
1210 1801 1280 1863 eius

131 1906 358 1988 compositione
373 1909 477 1972 adbuc
491 1918 627 1992 egerunt
648 1946 700 1990 —,
722 1909 762 1972 ad
774 1908 904 1972 Persam
927 1909 1011 1993 quod
1031 1909 1152 1991 attinet,
1175 1929 1278 1973 unum

132 2014 245 2077 vitium
267 2017 351 2099 fugit
372 2017 669 2085 Wilamouitzium.
697 2019 782 2101 quod
811 2023 843 2080 et
863 2020 968 2100 ipsum
991 2039 1009 2080 a
1031 2038 1162 2082 romano
1186 2026 1280 2102 poeta

131 2121 305 2186 admissum
328 2143 397 2188 csse
420 2145 505 2188 nunc
527 2145 633 2188 meum
656 2132 704 2189 est
726 2127 948 2190 demonstrare.

218 2232 349 2298 Summa
370 2236 551 2319 argumenti
572 2237 605 2298 in
630 2255 666 2300 eo
690 2246 841 2317 versatur,
870 2243 905 2300 ut
925 2237 1055 2318 parasiti
1076 2235 1144 2299 filia
1167 2237 1277 2301 lenoni

131 2347 292 2426 tamquam
316 2364 357 2406 ex
373 2346 569 2428 penitissima
584 2346 703 2408 Arabia
726 2345 861 2408 abducta
877 2364 993 2408 venum
1016 2346 1125 2425 debir,
1158 2365 1276 2429 quaero

130 2453 213 2533 iam,
245 2453 370 2535 qualem
394 2460 484 2537 poeta
506 2455 665 2538 virginem
687 2454 825 2517 finxerit.
872 2456 975 2537 Atque
996 2456 1135 2538 primum
1158 2457 1187 2519 si
1209 2457 1276 2540 epi-

131 2560 245 2624 stulam
266 2562 462 2645 inspicimus,
484 2564 622 2647 legimns
644 2584 673 2626 v.
697 2564 776 2626 506:

267 2670 482 2752 Chrysopolim
507 2673 624 2736 Persae
646 2693 752 2751 cepere
772 2671 878 2734 arbem
903 2673 936 2734 m
958 2671 1085 2735 Arnbm

262 2778 394 2842 Plenam
416 2781 568 2843 boicarum
588 2802 695 2843 rerum
717 2787 810 2861 elque
832 2782 994 2861 cretionem
1015 2781 1179 2862 oppidum,

261 2887 315 2950 Ea
337 2895 549 2968 corrrportntm·
569 2889 700 2971 praeda,
721 2895 756 2952 m
776 2891 835 2970 fiel
856 2891 960 2952 arretio

263 2996 457 3078 Pablr'eims;

132 3106 231 3188 paulo„
247 3107 328 3171 infra
352 3128 380 3170 v.
404 3109 485 3170 520:

262 3214 327 3278 Iste
349 3217 404 3296 qui
427 3215 557 3279 labellus
580 3217 693 3295 adteri,
718 3216 854 3280 edelard
875 3215 972 3278 slrrml

262 3323 380 3388 Ferme
404 3326 582 3404 expedenda
605 3324 764 3387 liberalem
787 3324 941 3406 eiryr'nem

262 3434 441 3513 Fmtieam,
465 3434 629 3498 obductum
653 3455 692 3496 cx
716 3433 845 3496 Arabio
863 3433 1085 3512 pereilisemrm.

131 3542 219 3606 Haec
242 3550 359 3627 quanto
381 3563 477 3624 opere
499 3544 582 3607 inter
604 3564 638 3608 se
662 3544 778 3607 distent
799 3544 833 3605 in
849 3543 1011 3626 propatulo
1034 3547 1089 3605 est.
1125 3541 1161 3606 Si
1184 3544 1272 3626 virgo

132 3671 187 3735 per
208 3653 382 3735 praedones
412 3672 453 3716 ex
476 3652 591 3716 Arabia
620 3653 748 3735 abrepta
774 3652 970 3736 fingebatur,
1000 3670 1063 3713 non
1095 3671 1177 3735 opus
1209 3655 1273 3716 erat

132 3761 333 3844 expeditione
349 3761 526 3843 Persarum,
549 3762 576 3824 si
587 3761 703 3824 Persae
718 3761 837 3825 bellum
852 3761 1005 3843 gerebant
1026 3765 1135 3822 contra
1150 3760 1273 3827 Arabes,

130 3870 267 3953 puellam
290 3891 308 3933 a
331 3869 545 3953 Sagaristione
569 3876 604 3933 ut
625 3872 780 3953 captivam
803 3871 902 3933 satius
925 3870 986 3932 fuit
1008 3869 1147 3953 proponi.
1190 3867 1271 3932 Illud

131 3980 160 4043 si
182 3980 355 4063 exemplari
379 3981 472 4043 attico
496 3981 704 4061 vindicamus
730 3982 800 4044 iure
822 3986 854 4044 et
875 3981 987 4043 merito
1010 3977 1168 4042 Dordalus
1190 3978 1271 4042 deci·

133 4090 218 4172 pitur
239 4094 346 4172 utpote
369 4109 442 4174 prae
465 4090 546 4153 lucri
569 4090 739 4173 cupiditate
762 4108 889 4153 omnem
912 4089 1064 4172 pudorem
1082 4086 1272 4171 relinquens,

131 4195 180 4258 sin
204 4195 272 4277 hoc,
294 4197 415 4261 licitum
438 4199 513 4262 fecit
535 4218 594 4261 neo
622 4198 684 4260 nisi
708 4198 783 4280 quia
805 4197 876 4261 leno
906 4202 953 4260 est
975 4195 1164 4260 ludificatur.
1212 4193 1272 4260 Sed

133 4323 174 4367 ex
198 4303 313 4368 talibus
336 4306 615 4371 deliberationibus
638 4306 842 4389 concludere,
873 4305 950 4390 quid
972 4306 1168 4390 genuinum,
1183 4285 1273 4390 'quid
