2836 4838
689 283 728 348 10

136 458 171 517 ut
198 454 233 516 in
263 455 477 520 Menaechmis
498 457 647 522 Plautina
684 459 722 522 ad
756 459 971 522 oeconomiam
1003 456 1128 522 fabulae
1161 461 1285 542 aliquid

136 563 285 646 conferre,
307 585 371 629 non
394 567 462 650 ipsa
484 586 539 649 por
562 588 595 631 se
618 568 733 631 idonea
756 568 856 630 videri
881 567 1032 649 potuerit,
1065 570 1156 630 cuius
1180 589 1285 632 meres

136 671 403 757 describerentur,
434 676 540 739 omnia
561 681 665 740 autem
688 678 753 741 fere
776 677 899 739 mediae
923 680 953 738 et
975 695 1075 739 novae
1099 678 1283 742 comoediae

134 781 319 865 fragmenta,
341 787 374 847 in
399 786 514 869 quibus
537 787 576 850 de
599 788 744 870 parasitis
766 806 816 850 res
840 797 902 867 est,
932 785 970 848 ad
994 786 1151 848 Athenaei
1175 792 1281 848 notam

135 890 379 974 disputationem
391 894 449 974 (VI
462 896 523 958 236
541 916 557 959 e
573 898 651 979 sqq.)
669 897 806 974 redeant,
824 895 915 958 facile
932 913 968 956 ea
984 895 1112 976 neglegi
1129 896 1280 976 potuit*).

222 999 282 1066 His
304 1005 484 1086 praemissis
513 1006 552 1067 ad
574 1005 679 1068 Plauti
709 1004 832 1067 fabulas
861 1005 945 1086 ipses
976 1004 1170 1066 accedamus.
1218 1003 1280 1066 Sed

134 1115 302 1194 antequam
327 1112 366 1175 de
389 1112 525 1195 singulis
549 1113 763 1194 disputemus,
791 1131 892 1194 pauca
915 1112 1005 1175 nobis
1030 1112 1123 1174 liceat
1146 1112 1281 1194 praefari

136 1220 175 1283 de
197 1221 326 1302 ratione,
350 1240 444 1302 quam
467 1223 500 1283 in
524 1223 570 1284 eis
586 1221 756 1284 tractandis
779 1222 878 1283 secuti
901 1241 1018 1284 sumus.
1057 1220 1172 1283 Omnia
1188 1241 1281 1304 grae-

134 1346 241 1390 carum
265 1329 499 1391 comoediarum
522 1336 708 1412 argumenta
732 1328 872 1411 exceptis
895 1330 950 1411 eia,
980 1348 1061 1411 qnae
1084 1349 1124 1391 ox
1149 1330 1282 1392 historia

133 1435 268 1499 fabulari
289 1437 386 1519 petita
408 1443 490 1521 sunt,
513 1438 552 1501 ad
575 1458 650 1502 suae
675 1439 821 1521 quodque
845 1439 956 1501 aetatis
980 1457 1029 1501 res
1044 1439 1281 1501 accommodata

135 1544 290 1607 videntur.
335 1543 459 1609 Scimus
489 1547 522 1609 id
556 1547 594 1610 de
618 1547 872 1629 Aristophaneis,
902 1547 934 1607 in
968 1547 1083 1630 quibus
1117 1566 1180 1608 non
1212 1545 1280 1609 fere

134 1650 333 1732 explicantur
355 1652 417 1714 nisi
440 1671 485 1732 ea,
508 1672 589 1735 quae
612 1653 784 1714 novissime
806 1652 887 1714 faeta
912 1659 1001 1715 orant
1023 1658 1054 1715 et
1067 1657 1279 1734 spectatorum

134 1759 256 1822 animos
280 1761 373 1823 etiam
397 1766 464 1824 turn
488 1761 713 1838 sollicitabant3
745 1760 881 1844 suspicio
904 1761 1004 1843 igitur
1026 1762 1157 1824 minime
1179 1767 1280 1824 teme-

133 1868 216 1932 raria
246 1873 293 1931 est
324 1874 359 1932 ut
386 1871 421 1932 in
443 1871 543 1953 ipsius
566 1870 746 1934 comoediae
770 1871 881 1932 atticae
904 1876 1016 1932 natura
1047 1870 1106 1932 sita
1128 1871 1215 1932 idem
1239 1872 1279 1934 de

136 1976 341 2059 Antiphaneis
372 1982 403 2040 et
431 1977 633 2041 Menandreis
665 1997 732 2041 esse
761 1977 971 2041 statuendum.
1017 1978 1122 2059 Atque
1156 1978 1190 2039 id
1221 1998 1279 2060 pro

133 2085 338 2148 fundamento
363 2087 581 2168 quaestionum
616 2092 791 2149 nostrarum
822 2086 1047 2168 posuimus**).
1093 2085 1213 2160 Quodsi
1243 2089 1278 2148 in

134 2193 231 2257 Persa
254 2193 418 2276 Plautina,
452 2201 487 2258 ut
519 2195 699 2276 exemplum
730 2213 887 2277 premam,
921 2193 1052 2274 Persae,
1083 2195 1138 2276 qui
1169 2201 1279 2258 contra

133 2300 255 2365 Arabes
286 2303 435 2365 dicuntur
457 2302 660 2385 belligerare,
690 2301 782 2383 regni
804 2300 972 2364 Persarum
1001 2302 1123 2365 incolae
1153 2303 1200 2364 int
1220 2303 1277 2366 lle-

134 2415 269 2495 guntur,
301 2430 362 2474 non
394 2411 497 2493 potuit
531 2412 608 2474 haec
640 2410 747 2473 fabula
779 2429 841 2473 non
872 2410 977 2473 doceri
1007 2416 1078 2472 ante
1104 2411 1277 2474 Alexandri

133 2519 243 2603 Magni
266 2520 507 2603 expeditionem.
552 2519 613 2584 Sed
638 2520 732 2583 etiam
755 2520 883 2602 longius
912 2520 1040 2601 procedi
1073 2539 1161 2602 posse
1196 2521 1276 2583 mihi

134 2628 306 2692 videbatur.
353 2627 511 2705 Quantum
536 2629 662 2713 quidem
687 2628 850 2712 perspexi,
877 2632 986 2711 poetae
1010 2626 1199 2690 Graecorum
1226 2649 1277 2691 co-

133 2739 208 2802 mici
225 2745 412 2821 argumenta
425 2740 603 2802 fabularum
616 2759 744 2802 suarum
761 2737 935 2821 exigebant
950 2738 988 2800 ad
1001 2757 1109 2800 earum
1122 2742 1275 2800 terrarum

132 2867 192 2931 reS,
214 2849 249 2910 in
272 2848 387 2931 quibus
411 2849 558 2932 quodque
581 2850 634 2931 agi
657 2848 843 2930 fingebatur.
888 2848 959 2911 Non
983 2849 1083 2930 igitur
1115 2846 1277 2929 probabile

220 3089 247 3160 ²¹¹)
266 3090 411 3144 Asinariae
431 3105 538 3156 quoque
557 3088 709 3156 parasitum
728 3084 894 3139 Ribbeclrins
915 3085 1013 3154 (Kolax
1031 3085 1048 3136 l.
1062 3085 1078 3137 l.
1093 3085 1169 3138 Rem.
1184 3085 1277 3144 Diclrt.

130 3186 144 3238 I
163 3201 188 3252 p.
209 3183 255 3253 84)
274 3183 347 3237 inter
365 3183 512 3237 malevolos
532 3187 614 3248 atque
633 3181 719 3234 iratos
739 3178 898 3233 numeravit.
937 3177 1032 3230 Potius
1052 3183 1197 3245 patronum
1217 3182 1277 3235 eius

133 3277 358 3333 calumniatorem
380 3291 440 3330 esse
464 3281 491 3329 et
510 3276 572 3343 ipsa
590 3273 686 3327 fabula
706 3272 786 3326 docet
812 3277 840 3326 et
858 3288 956 3325 nomen
976 3271 1033 3324 eius
1054 3269 1182 3342 Διάβολος.
1220 3276 1275 3328 Pro

133 3387 186 3439 quo
211 3386 272 3423 cum
290 3370 430 3437 parasitus
449 3372 614 3423 Artemonae
640 3365 745 3420 fartum
769 3366 861 3420 mariti
884 3372 995 3432 narrat,
1022 3382 1076 3418 non
1102 3366 1130 3418 id
1149 3367 1218 3433 agit,
1245 3375 1277 3423 ut

131 3465 328 3518 Demaenetum
345 3459 495 3515 ulciscatur
514 3494 548 3500 —
567 3462 643 3514 cuius
663 3460 704 3514 rei
723 3475 807 3513 causa
826 3459 902 3512 nulla
921 3464 963 3511 est
982 3490 1024 3525 ·--,
1045 3458 1093 3511 sed
1113 3464 1144 3510 ut
1158 3458 1275 3514 Diabolo

130 3560 296 3624 potestatem
316 3553 402 3608 faciat
420 3554 591 3609 Philaenium
616 3570 671 3607 une
696 3569 756 3605 cum
775 3551 932 3620 Argyrippo
952 3550 1124 3618 possidendi,
1155 3570 1221 3604 nona
1246 3555 1278 3606 ni

131 3649 251 3717 impetra
270 3663 356 3716 repom
371 3648 481 3716 perdidi
500 3649 535 3717 (v.
556 3649 627 3717 918).
662 3647 767 3700 Eodem
785 3646 844 3698 iure
864 3644 1055 3697 Phormionem
1073 3645 1277 3710 Apollodoroae

132 3741 288 3797 comoediae
306 3741 456 3795 ulciscendi
475 3740 584 3794 aridum
603 3741 754 3795 arbitreris.

218 3833 260 3904 **)
280 3833 367 3889 Valde
386 3834 495 3901 gavisus
515 3849 586 3899 sum,
611 3849 671 3885 cnm
694 3833 745 3883 hoc
765 3829 896 3897 opusculo
923 3828 977 3882 iam
996 3829 1122 3882 absoluto
1148 3829 1277 3885 vidissem

131 3928 371 3984 Wilamowitzium
396 3928 424 3981 in
447 3926 502 3981 ind.
527 3926 611 3981 schol.
638 3925 760 3990 Gotting.
783 3926 881 3991 189314
900 3941 926 3991 p.
949 3927 980 3976 15
1006 3922 1039 3976 de
1063 3924 1170 3976 ratione
1194 3925 1278 3990 plane

131 4038 236 4077 mecum
254 4021 416 4076 consentire.
455 4022 581 4075 Ceterum
600 4017 759 4073 dissertatio
784 4033 845 4071 mea
864 4017 953 4070 ordini
972 4016 1073 4070 dudum
1098 4016 1191 4069 oblata
1216 4022 1279 4072 tota

130 4113 309 4169 retractanda
328 4113 395 4181 fuit,
423 4119 568 4182 postquam
593 4112 681 4167 Niesii
707 4111 740 4165 de
760 4112 916 4165 civitatibus
934 4111 1039 4178 graecis
1066 4115 1092 4161 et
1111 4109 1279 4166 macedoniis

131 4208 202 4261 liber
220 4206 330 4274 prodiit.
370 4208 429 4273 Qua
453 4207 481 4259 in
500 4212 642 4260 retentae
662 4205 777 4259 utilitati
802 4204 868 4258 milri
887 4202 1001 4257 fuerunt
1027 4207 1108 4254 notae
1128 4202 1227 4254 lieonis
1249 4212 1278 4259 et

131 4296 336 4352 Wilamowitzii
354 4299 540 4367 manuscripto
561 4315 620 4354 meo
640 4297 763 4364 additae,
789 4303 820 4350 ut
839 4298 919 4362 longe
944 4310 997 4346 non
1017 4293 1120 4359 omnia,
1148 4309 1217 4359 quae
1237 4297 1278 4350 eis

134 4390 229 4461 debeo,
248 4406 342 4447 eorum
363 4392 515 4446 nominibus
535 4392 684 4447 inscribere
703 4391 846 4461 potuerim.
