2836 4838
679 240 719 302 211

133 416 225 479 modo
257 415 340 498 gesti
372 414 627 500 expeditionibus
658 434 715 499 per
744 416 881 479 latrones
910 435 951 479 ex
982 416 1106 481 militiis
1137 435 1285 483 reversos
1316 449 1321 460 ·

133 525 236 589 edocti
259 529 356 599 erant,
379 525 444 588 scil.
468 546 494 588 a.
519 526 581 589 310
607 524 752 588 ve1309.

220 633 282 698 Sed
312 654 411 698 unum
434 634 559 698 videtur
585 634 810 717 impedimento
843 654 919 698 esse.
971 633 1101 716 Lyciam
1130 655 1196 698 non
1230 656 1285 700 ne-

6 793 10 799 .
133 744 268 808 cessario
291 743 499 807 aPtolemaei
522 744 611 807 ducis
634 745 668 807 in
681 746 759 807 Asia
775 743 1030 827 expeditionibus
1053 746 1285 810 secernendam

133 871 200 915 esse
224 871 318 937 supra
341 853 491 935 diximuS,
513 853 547 914 in
563 852 655 916 India
679 853 766 917 nulla
789 860 847 917 est·
858 852 998 936 offensio,
1020 855 1180 938 siquidem
1205 857 1284 921 talia

132 963 237 1045 quivis
259 962 351 1026 miles
374 961 532 1046 gloriosus
555 961 617 1025 sibi
640 962 782 1044 ascribit,
813 963 890 1045 quid
913 968 1017 1026 autem
1041 968 1219 1028 statuemus
1245 965 1284 1052 de

131 1071 277 1135 Rhodia?
319 1070 352 1134 si
383 1090 463 1154 quae
492 1072 657 1154 hucusque
690 1072 920 1155 disputavimus
951 1078 1036 1136 recta
1065 1079 1153 1144 sunt,
1184 1075 1285 1139 huius

133 1199 259 1264 quoque
282 1184 383 1244 terrae
400 1179 616 1244 subactionem
635 1182 774 1245 inserere
790 1183 935 1264 cogimur
957 1183 1038 1245 inter
1061 1202 1111 1247 res
1124 1183 1173 1266 ,ab
1186 1184 1285 1248 Anti-

16 1371 19 1377 ·
131 1291 208 1374 goni
231 1289 330 1373 copiis
353 1294 465 1373 gestas.
510 1289 622 1372 Neque
654 1291 687 1353 id
710 1291 805 1354 nimis
828 1289 958 1355 difficile
992 1295 1046 1354 est.
1091 1291 1189 1360 Nam⁴
1205 1313 1283 1356 cum

131 1399 333 1464 Ptolemaeus
357 1399 423 1463 dux
446 1404 510 1463 tota
525 1400 604 1463 Asia
625 1402 742 1484 potitus
765 1402 806 1464 sit
821 1401 928 1464 multis
951 1401 1077 1484 proeliis
1094 1404 1286 1485 commissis,

18 1518 30 1531 ‘
132 1529 194 1573 non
225 1509 412 1572 mirabimur
442 1528 514 1573 eum
544 1530 616 1573 cum
645 1510 777 1574 Rhodiis
808 1531 933 1594 quoque
964 1511 1138 1575 identidem
1168 1513 1283 1577 contii·
1325 1589 1329 1598 ¹

132 1619 226 1683 xisse.
271 1617 343 1682 Noli
367 1622 472 1682 autem
493 1619 590 1682 nimis
612 1621 645 1681 in
670 1620 866 1702 cohaerere,
890 1620 974 1703 quod
994 1620 1076 1683 nihil
1100 1621 1138 1684 de
1162 1622 1222 1684 hac
1247 1642 1282 1686 ro

133 1728 282 1793 traditum
306 1733 360 1810 est,
383 1728 458 1792 satis
480 1748 578 1812 grave
600 1729 678 1791 mihi
702 1729 836 1810 videtur,
866 1729 949 1812 quod
973 1728 1105 1805 Rhodii,
1137 1731 1193 1812 qui
1224 1749 1284 1813 per

133 1842 197 1902 tota
218 1837 296 1902 haec
319 1841 458 1921 tempora
479 1838 512 1901 id
528 1843 667 1921 agerent,
691 1842 726 1901 ut
739 1843 921 1902 neutrorum
936 1838 1078 1922 partibus
1100 1857 1169 1902 sese
1193 1858 1282 1902 asso·
1322 1907 1325 1915 ,

133 1949 253 2012 clarent
278 1947 519 2029 bellantIum*),
550 1947 757 2011 nihilominus
791 1968 816 2010 a.
841 1949 903 2010 312
936 1947 1043 2010 decem
1077 1966 1173 2012 naves
1206 1968 1281 2012 cum

133 2057 286 2141 Antigoni
309 2057 407 2121 classe
430 2058 462 2120 in
488 2056 652 2120 Graeciam
675 2059 838 2137 miserunt,
860 2057 894 2119 id
917 2057 1001 2139 quod
1024 2056 1079 2118 vix
1103 2057 1197 2120 credo
1219 2046 1284 2121 sua*

132 2173 242 2252 sponte
264 2168 401 2230 facturos
422 2165 538 2229 fuisse:
563 2168 661 2229 coacti
684 2185 752 2230 esse
776 2166 925 2230 videntur
947 2187 965 2229 a
986 2166 1185 2247 Ptolemaeo,
1216 2167 1280 2230 for

133 2281 214 2340 tasse
237 2276 326 2338 brevi
348 2275 381 2338 in
405 2274 543 2337 insulam
565 2293 655 2337 suam
678 2275 758 2337 facta
781 2274 992 2357 expeditione.

217 2382 365 2466 Denique
405 2401 445 2446 ne
479 2382 556 2465 quid
593 2383 749 2457 omittam,
779 2382 993 2445 Bueclrelerus
1035 2384 1069 2444 in
1100 2382 1278 2446 Woelfflini

133 2494 238 2558 archia
261 2494 414 2577 lexicogr.
437 2497 469 2556 et
490 2498 653 2575 grammat.
677 2490 767 2554 lati
794 2512 823 2574 p.
850 2492 911 2554 113
937 2491 1106 2574 vestigium
1131 2494 1279 2575 quamvis

133 2603 202 2666 leve
236 2603 389 2686 repperit,
427 2602 511 2685 quod
545 2602 583 2665 ad
618 2601 843 2665 Menandream
883 2598 1083 2664 Curculionis
1121 2603 1282 2685 originem

133 2712 248 2775 ducere
270 2711 403 2775 videtur.
447 2711 589 2775 Plinium
612 2711 713 2792 enim,
743 2730 816 2774 cnm
845 2710 884 2773 de
913 2709 1009 2774 telino
1033 2710 1151 2774 dixerit
1174 2711 1224 2789 (N.
1238 2712 1279 2776 H.

132 2818 216 2882 XIII
241 2820 310 2897 13);
345 2817 399 2881 boc
436 2816 531 2880 irratio
572 2822 639 2880 erut
681 2817 911 2880 celeberrimum
952 2817 1129 2881 Menandri
1166 2825 1280 2898 poetae

134 2926 243 2991 cornici
266 2930 380 3009 aetate,
412 2926 560 3009 colligere
585 2926 658 2989 licet
679 2927 760 2989 hanc
784 2946 893 2990 vocem
916 2927 949 2989 iu
973 2926 1139 2990 Menandri
1162 2928 1281 2994 fabulis

133 3036 317 3121 repperisse,
346 3037 433 3119 atqui
456 3036 588 3100 eandem
611 3036 826 3099 Buechelerus
849 3036 939 3100 Ourc.
965 3056 992 3099 v.
1017 3038 1077 3099 101
1102 3038 1279 3103 certissimo

41 3220 43 3225 ,
120 3146 315 3215 1151101111..
359 3144 518 3208 Nimirum
543 3151 666 3228 propter
688 3144 750 3208 talc
773 3145 874 3208 solum
899 3146 1115 3209 testimonium
1137 3145 1279 3211 fabulam

133 3254 306 3319 Menandro
329 3252 485 3318 ascribere
508 3255 590 3317 iusto
614 3255 766 3318 audacius
790 3261 844 3318 est.

133 3362 253 3426 Eodem
277 3361 369 3425 modo
394 3381 456 3445 quo
472 3361 619 3426 Curculio
635 3361 801 3446 ambiguas
817 3363 989 3426 sententias
1013 3363 1152 3426 excitare
1175 3369 1283 3446 potest

133 3526 288 3610 Miles
325 3525 614 3610 Gloriosus.

220 3684 401 3765 Antequam
425 3687 530 3745 autem
553 3682 593 3745 ad
617 3703 691 3767 rem,
716 3706 810 3768 quam
835 3691 967 3750 tractare
1000 3686 1092 3750 nobis
1116 3689 1282 3769 proposui-

134 3813 219 3875 muS,
251 3792 493 3876 aggrediamur,
525 3793 759 3875 respiciendum
790 3802 837 3860 est
859 3797 1039 3860 Plautinum
1067 3795 1207 3860 fabulam
1238 3815 1279 3860 ex

133 3903 255 3966 duabus
271 3902 394 3985 graecis
410 3901 653 3966 contaminatam
677 3924 754 3970 esse.
788 3903 860 3969 Duo
884 3907 969 3969 enim
985 3910 1175 3990 argumenta
1196 3907 1281 3972 inter

132 4029 166 4074 se
189 4010 280 4093 plane
310 4009 434 4074 diversa
457 4014 650 4094 tractantur,
676 4033 812 4096 quorum
841 4016 938 4079 altero
974 4015 1066 4079 miles
1088 4013 1280 4091 ludificatur,

222 4238 248 4309 *)
269 4237 388 4292 Nimium
407 4238 547 4294 contendit
560 4238 670 4295 Niesius
689 4259 715 4311 p.
727 4244 788 4312 275,
808 4260 868 4298 cum
887 4258 934 4300 eos
953 4258 977 4300 a.
998 4246 1049 4298 315
1070 4258 1130 4297 cum
1139 4240 1278 4312 Antigono

134 4331 232 4389 foedus
245 4331 329 4386 inisse
339 4331 416 4388 dixti.
444 4331 557 4390 Rectius
567 4333 725 4407 Droysenus
736 4335 816 4393 Diad.
826 4337 853 4394 11
862 4353 889 4408 p.
903 4339 962 4394 154.
989 4335 1031 4394 Of.
1042 4335 1122 4394 Diod
1134 4335 1200 4392 XIX
1209 4336 1280 4405 aad.
