2836 4838
623 284 664 348 17

70 460 292 539 argumentum
326 456 527 520 delectandis.
582 458 646 520 Cur
678 459 779 542 igitur
816 459 850 521 in
884 458 1041 523 Pseudolo
1071 458 1214 541 Callipho

68 585 167 629 senex
183 566 368 629 inducitur?
405 567 451 629 lld
469 585 534 629 rem
559 567 591 629 in
609 567 716 631 fabula
731 573 891 631 tractatam
909 569 989 631 nihil
1005 569 1096 632 valet.
1133 568 1215 633 Nam

69 676 154 757 qnod
178 695 205 737 r.
229 678 293 737 448
316 675 475 738 Simonem
500 683 685 757 commovet,
709 682 743 739 nt
765 676 834 739 miti
858 678 962 759 potins
984 679 1090 740 animo
1112 677 1215 741 filium

67 803 261 867 servumque
294 785 385 847 adeat
419 804 513 867 quam
543 786 643 849 iratus
673 786 831 867 increpet,
862 804 938 848 sane
970 785 1131 851 levidense
1161 792 1216 870 est,

66 895 168 956 multo
190 894 337 976 gravina,
369 893 452 975 quod
475 893 653 957 Pseudolus
676 894 715 957 ab
740 913 776 957 eo
800 915 828 957 v.
854 897 915 957 547
941 896 1034 978 petit,
1067 900 1101 958 ut
1122 915 1156 958 sc
1178 897 1212 958 in

66 1003 191 1065 fallacia
214 1001 381 1065 efficienda
403 1001 548 1082 adiuvet,
572 1001 714 1085 Callipho
738 1002 904 1086 pollicetur
926 1022 953 1065 v.
978 1002 1057 1077 560,
1088 1003 1213 1086 quade

65 1130 101 1173 re
124 1130 250 1194 prorsus
274 1110 353 1172 nihil
377 1110 525 1192 deinceps
548 1111 704 1191 audimuS,
734 1130 792 1174 nec
814 1114 921 1174 minus
943 1131 1211 1195 supervacaneum

65 1219 110 1295 fit,
134 1220 217 1302 quod
243 1240 269 1281 v.
288 1220 350 1281 552
373 1220 407 1281 in
431 1220 537 1281 animo
560 1219 654 1283 habet
676 1221 758 1282 servi
783 1220 874 1284 ludos
897 1226 1037 1304 spectare
1060 1223 1162 1305 eique,
1185 1222 1213 1285 si

63 1326 152 1390 Simo
176 1329 329 1411 promisso
351 1347 413 1391 non
437 1329 571 1407 steterit,
602 1334 770 1411 argentum
793 1329 884 1404 dare,
915 1348 1020 1413 neque
1050 1331 1135 1393 enim
1159 1351 1212 1395 us·

65 1458 162 1521 qnam
185 1442 292 1521 postea
321 1439 354 1499 in
384 1437 491 1500 fabula
523 1443 660 1520 apparet.
709 1438 870 1502 Facillime
902 1458 975 1502 vero
1010 1444 1101 1522 poeta
1131 1441 1211 1504 hanc

63 1566 210 1610 scaenam
235 1547 281 1608 sic
303 1546 405 1629 potnit
427 1547 609 1627 instituere,
645 1552 679 1608 nt
711 1545 798 1609 Simo
827 1548 913 1609 solus
942 1566 1050 1610 secum
1079 1547 1211 1631 loquens

65 1655 205 1740 prodiret
236 1655 339 1738 deque
368 1653 434 1717 filio
458 1660 603 1738 corrupto
637 1673 787 1738 querenS,
820 1656 997 1720 Pseudolus
1027 1657 1211 1740 prinsquam

63 1783 137 1827 enm
162 1764 397 1847 aggrederetur,
421 1783 461 1827 ex
477 1765 642 1847 angiporto
667 1765 735 1827 eins
759 1765 854 1828 verba
876 1766 943 1828 suis
959 1766 1210 1848 interrumperet.

63 1871 128 1935 Cur
150 1872 377 1956 Calliphontem
400 1872 526 1935 fabulae
548 1872 743 1953 adhibuerit,
773 1873 864 1936 docet
894 1875 963 1937 eins
986 1894 1059 1937 cnm
1082 1872 1210 1938 Simone

62 1999 175 2043 sermo.
222 1980 378 2043 Videmus
400 1979 480 2043 duos
501 1999 594 2043 senes
617 1980 708 2062 plane
731 1981 814 2044 inter
836 2000 869 2044 se
892 1982 1047 2063 diversos,
1076 1982 1208 2046 alterum

63 2108 208 2172 asperum
233 2107 379 2152 severum
401 2108 541 2171 parcum,
564 2090 695 2152 alterum
719 2090 823 2152 lenem
849 2090 1006 2153 urbanum
1022 2091 1210 2174 elegantem,

62 2197 224 2261 Simonem
247 2197 306 2260 filii
329 2203 456 2280 peccata
480 2198 755 2262 vehementissime
778 2199 1080 2282 reprehendentem,
1113 2219 1210 2263 excu-

62 2314 184 2372 santem
218 2305 464 2390 Calliphontem,
497 2307 588 2369 illum
623 2307 703 2370 duro
737 2309 892 2370 maiorum
927 2308 1026 2372 victui
1059 2308 1210 2390 deditum,

61 2419 148 2481 hunc
171 2416 209 2481 ad
232 2416 318 2481 leves
335 2418 508 2499 praesentis
524 2417 641 2480 saeculi
666 2436 768 2480 mores
784 2418 997 2480 inclinantem.
1033 2416 1103 2481 Hae
1126 2418 1207 2482 duae

61 2526 192 2590 vivendi
215 2527 352 2590 rationes
376 2531 411 2589 ut
432 2527 514 2588 inter
536 2543 570 2588 se
586 2530 818 2608 opponerentur
840 2544 959 2608 eaeque
982 2545 1093 2589 senum
1110 2526 1208 2589 Athe-

61 2638 231 2716 niensium,
253 2634 457 2699 Atheniensis
480 2633 646 2697 Menandri
671 2634 797 2697 videtur
819 2635 978 2716 proprium
1003 2635 1109 2698 fuisse.
1155 2633 1208 2698 Sic

61 2746 94 2807 in
108 2743 354 2827 Disexapatonte
377 2761 468 2806 senes
492 2742 633 2806 diversos
649 2743 786 2823 induxit,
809 2743 942 2805 alterum
959 2743 1208 2825 acerbissimum,

60 2853 235 2918 faciliorem
258 2854 390 2916 altorum
408 2851 551 2935 pellecta,
574 2852 620 2914 sic
642 2851 675 2913 in
691 2850 1050 2914 Heautontimorumeno
1074 2851 1206 2914 alterum

60 2963 200 3026 convivii
222 2962 403 3045 participem
427 2960 509 3041 fecit,
533 2961 666 3023 alterum
695 2959 734 3022 ab
758 2959 906 3022 omnibns
930 2960 1012 3023 vitae
1035 2961 1207 3036 amoenita-

58 3071 144 3135 tibus
178 3072 317 3135 alienum
348 3106 390 3113 —
422 3090 610 3152 quamquam
646 3070 678 3130 in
713 3070 763 3131 his
798 3069 921 3131 duabus
954 3067 1070 3131 fabulis
1104 3088 1207 3132 mores

59 3199 169 3243 eornm
197 3185 342 3242 nontam
366 3178 498 3258 pulchre
530 3178 751 3243 describuntur
775 3197 870 3260 quam
902 3176 979 3239 alibi
1002 3213 1059 3259 -,
1093 3178 1202 3240 eodem

57 3289 203 3373 pertinet,
226 3289 309 3370 quod
334 3289 421 3351 etin
436 3287 686 3370 Hypobolimaeo
710 3293 741 3350 et
756 3288 897 3349 omnium
922 3288 1038 3368 optime
1061 3288 1094 3348 in
1109 3287 1206 3350 Adel-

56 3397 128 3482 phis
152 3398 331 3481 posteriore,
355 3415 450 3479 qnam
472 3396 638 3459 Terentius
661 3395 809 3473 reddidit,
842 3395 951 3457 hilaris
974 3414 1073 3458 senex
1097 3396 1205 3478 volup·

57 3506 179 3589 tatiqne
206 3505 384 3588 obsequens
407 3505 574 3586 opponitur
596 3523 729 3566 moroso.
759 3502 847 3566 Haeo
863 3502 1089 3586 spectatoribus
1113 3504 1203 3568 valde

57 3614 216 3697 placuisse
237 3612 288 3676 vel
310 3612 385 3674 inde
408 3612 559 3694 suspicari
585 3610 676 3692 lieet,
711 3612 795 3694 quod
819 3610 993 3675 Menander
1014 3612 1073 3674 hac
1104 3613 1137 3674 in
1171 3632 1205 3676 re

55 3722 118 3786 sibi
141 3721 413 3785 constantissimus
435 3721 512 3800 fuit3
547 3720 651 3783 eidem
674 3721 778 3784 studio
805 3757 836 3765 -
866 3740 969 3804 neque
985 3721 1071 3784 aliud
1096 3727 1205 3804 poetae

56 3831 223 3895 consilium
240 3849 368 3914 possum
384 3830 566 3911 excogitare
591 3863 627 3872 -
652 3829 679 3892 si
692 3828 897 3912 Calhphontis
913 3846 1048 3909 persona
1064 3829 1205 3911 debetur,

15 3996 25 4017 ,
56 3941 241 4004 Pseudolus·
259 3958 384 4022 quoqne
414 3959 538 4001 summa
569 3958 639 4002 curn
674 3939 893 4021 probabilitate
924 3938 963 4001 ad
994 3937 1204 4000 Menandrum
1316 3944 1320 3953 ’

56 4050 192 4114 refertur
204 4049 241 4129 *).

144 4281 170 4351 *)
190 4281 323 4334 Berckius
343 4280 449 4349 (opusc.
465 4278 491 4330 ll
510 4294 536 4344 p.
552 4278 615 4346 744)
636 4294 717 4344 quam
736 4277 770 4330 oli
789 4292 848 4330 rem
867 4276 937 4328 hanc
956 4272 1079 4327 fabulam
1098 4273 1203 4327 mediae

54 4374 213 4431 comoediae
233 4372 405 4441 ascripserit,
433 4371 530 4424 saltem
554 4371 650 4438 paucis
675 4371 766 4424 verbis
786 4369 880 4424 debuit
905 4365 1036 4423 indicare.
1073 4367 1204 4421 Fortasse
