2836 4838
577 1108 580 1113 ’
624 1117 782 1200 Vita

217 1294 317 1360 Natus
345 1315 413 1359 sum
444 1296 624 1361 Fridericus
647 1298 797 1363 Albertus
820 1296 974 1363 Hueffner
1000 1296 1154 1363 Forestae
1182 1298 1275 1365 Lusa·

130 1409 233 1469 torum
266 1424 348 1468 anno
371 1405 400 1468 h.
423 1425 448 1468 s.
471 1404 597 1469 LXXII
629 1408 680 1471 die
711 1409 860 1471 vicesimo
895 1408 1013 1471 mensis
1037 1407 1163 1490 Aprilis
1191 1414 1275 1493 patre

130 1512 289 1578 ilriderioo
313 1520 411 1578 matre
426 1515 574 1579 Therasia
596 1536 613 1580 e
636 1522 731 1600 gente
746 1517 917 1601 Ruediger,
940 1528 1020 1600 quos
1042 1517 1152 1581 adhuc
1170 1538 1274 1603 super·

130 1620 218 1683 stitos
250 1639 318 1685 esse
355 1621 446 1685 valde
476 1623 608 1706 gaudeo.
658 1622 748 1687 Fidei
781 1623 925 1687 addictus
955 1642 1025 1686 sum
1060 1620 1273 1708 evangelicae

129 1726 318 1793 Litterarum
336 1730 499 1796 elementis
515 1732 655 1796 imbutus
679 1753 751 1797 vere
774 1733 849 1797 anni
866 1734 905 1796 81
930 1731 995 1796 adii
1010 1735 1274 1817 progymnasium

131 1838 249 1921 patriae
286 1859 390 1915 meae,
424 1842 508 1925 quod
542 1841 734 1907 Ferdinandi
764 1842 917 1907 Zitsohen'
948 1841 1176 1927 benignissimi
1212 1848 1274 1908 stu·

130 1947 254 2011 dituum
271 1968 413 2013 meorum
432 1951 562 2015 fautoris
585 1953 734 2035 auspiciis
749 1951 881 2016 florebat
902 1957 935 2015 et
955 1971 1041 2015 nnnc
1056 1950 1159 2017 floret
1192 1952 1274 2019 Vere

131 2058 207 2123 anni
231 2059 270 2121 87
312 2058 345 2120 in
380 2059 552 2143 discipulos
584 2063 745 2145 gymnasii
779 2061 978 2127 Gabenensis
1017 2068 1167 2147 receptus
1206 2082 1275 2127 sum

132 2164 286 2229 directore
301 2163 506 2248 Hamdorffi0,
530 2167 614 2231 unde
637 2167 766 2231 biennio
789 2171 858 2251 post
880 2171 915 2231 ut
936 2165 1051 2230 studiis
1073 2166 1275 2253 philologieis

131 2293 256 2357 operam
297 2274 403 2338 darem
437 2274 565 2338 Almam
596 2275 728 2339 Matrem
761 2276 1002 2360 Gottingensem
1034 2276 1154 2359 petivi,
1186 2277 1275 2341 cuins
1312 2269 1317 2359 ἱ

131 2383 302 2447 etiamnum
327 2402 397 2447 sum
421 2383 508 2446 civis.
551 2381 736 2448 Docueruut
758 2403 808 2447 me
830 2384 893 2447 viri
917 2383 1109 2447 doctissimi:
1311 2364 1317 2385 '¹

217 2489 356 2572 Bechtel,
378 2489 554 2573 Boumaun,
577 2491 674 2574 Gohn,
695 2490 834 2574 Dilthey,
859 2490 1019 2581 Dniatzko,
1041 2490 1176 2577 Geroke,
1190 2492 1274 2559 Kiel-

131 2594 228 2678 horn,
261 2595 451 2660 Kluokhohn
475 2597 516 2681 †,
551 2596 680 2680 Knolre,
713 2596 795 2680 Len,
829 2597 865 2661 G.
888 2596 924 2661 Ε.
947 2596 1101 2680 Mueller,
1135 2596 1275 2683 Peipers,
1312 2594 1317 2679 ¹;

130 2702 259 2786 Roethe,
281 2703 407 2787 Smend,
430 2703 554 2789 Sauppe
577 2706 609 2790 i,
632 2704 868 2789 Volquardsen,
893 2704 1055 2789 Weiland,
1083 2704 1209 2790 Weiss,
1237 2706 1275 2771 de
1314 2776 1317 2789 ¹

131 2812 597 2879 Wilamowitn-Moellendorff.

218 2917 313 3003 Regii
336 2919 566 3003 philologorum
590 2919 811 3005 proseminarii
832 2938 889 3002 per
910 2919 990 2997 duc,
1025 2919 1193 2985 seminarii
1224 2938 1278 3006 per
1310 2908 1314 2917 ’

134 3034 281 3115 quattuor
302 3030 465 3093 semestria
487 3029 602 3093 sodalis
626 3028 672 3092 fui
704 3030 770 3112 (per
793 3028 855 3092 duo
878 3028 1003 3111 senior).
1048 3028 1099 3093 Ad
1121 3030 1276 3095 exercita·

131 3140 234 3203 tiones
255 3139 462 3223 philologicas
484 3137 547 3203 Leo
571 3143 602 3203 et
624 3139 663 3203 de
687 3137 906 3221 Wilamowitz,
932 3138 1190 3223 archaeologicas
1210 3137 1277 3204 Dil-

131 3250 216 3331 they,
237 3248 402 3313 historicas
425 3248 655 3333 Volquardsen‚
680 3247 955 3331 palaeographicae
976 3244 1128 3312 Daiatzlro
1153 3248 1276 3313 aditum

133 3360 214 3425 mihi
235 3358 464 3444 benignissime
486 3362 718 3422 concesserunt.

220 3468 376 3534 Omnibus
397 3468 462 3532 illis
485 3467 570 3549 viris,
604 3466 659 3550 qui
682 3485 733 3530 me
755 3465 945 3548 docuerunt,
975 3464 1074 3530 iustas
1095 3484 1135 3530 ao
1156 3464 1279 3531 debitas

132 3577 251 3662 gratias
274 3595 397 3660 semper
418 3573 549 3657 habeba,
572 3593 667 3657 quam
690 3573 845 3636 maximas
868 3576 973 3637 autem
996 3570 1157 3637 Ilriderico
1178 3570 1279 3637 Leoni

134 3692 165 3750 et
193 3685 343 3750 Udalrico
375 3685 415 3749 de
445 3681 919 3764 Wilamowitz-Moellendorff,
953 3701 1086 3765 quornm
1127 3680 1185 3746 ille
1215 3700 1279 3746 non

135 3796 325 3880 dedignatus
341 3798 388 3858 est
409 3793 503 3858 huius
519 3792 661 3877 opusculi
685 3791 829 3875 plagulas
845 3791 1026 3876 corrigendi
1047 3790 1189 3857 laborem
1211 3810 1279 3857 sus·

134 3907 251 3990 cipere,
283 3909 415 3988 uterque
439 3921 512 3967 voro
536 3905 653 3986 quanta
675 3920 747 3964 oum
770 3899 990 3965 benovolentia
1012 3905 1108 3986 atque
1130 3900 1279 3966 humani·

135 4020 197 4079 tate
221 4014 368 4080 omnibus
390 4014 423 4075 in
446 4012 541 4077 rebus
564 4012 638 4076 indo
669 4032 687 4075 a
709 4011 886 4075 studiorum
909 4011 1010 4075 initiis
1041 4028 1093 4075 me
1118 4016 1152 4076 et
1184 4030 1282 4094 opera

136 4128 167 4188 et
197 4124 329 4188 consilio
360 4123 541 4188 adiuverint
571 4121 633 4185 nisi
667 4122 722 4204 qui
756 4122 826 4202 ipse
856 4126 1006 4204 expertus
1037 4125 1086 4187 est
1112 4122 1283 4189 aestimare

134 4233 253 4318 nequit
