2836 4838
684 304 724 367 30

132 482 230 547 fuisse
250 486 284 546 ut
300 479 464 545 credamus
485 499 512 544 v.
526 480 567 543 25
584 479 804 544 commendare
820 480 954 564 videtur,
978 479 1035 544 ubi
1052 470 1223 565 expeditio
1237 483 1283 547 ln·

133 594 204 657 dica
233 593 496 656 commemoratur
519 590 593 669 (sed.
626 591 663 653 cf.
688 609 782 673 supra
805 574 844 653 ad
868 589 1116 675 Curculionem),
1141 613 1283 660 necnon

133 707 197 767 tota
210 702 332 781 fabula,
357 705 390 764 at
405 699 570 763 Seleucum
588 719 659 763 cum
676 697 837 763 Sardianis
851 719 1010 784 pugnasse
1027 719 1137 785 neque
1154 724 1282 789 usquam

134 796 283 875 traditum
319 813 366 874 est
394 827 452 873 nec
488 812 625 872 statuere
655 809 729 871 licet
756 813 827 872 ante
858 808 977 873 bellum
1008 817 1119 876 contra
1144 813 1285 894 Lysima-

134 919 227 982 chum
258 938 284 981 a.
308 919 370 982 283
395 917 563 1000 inceptum.
609 916 752 980 Fortasse
775 917 933 1000 quondam
961 919 994 982 in
1020 920 1116 985 huius
1143 927 1284 990 exercitu
1311 925 1314 932 '

133 1029 285 1092 militatus
308 1004 537 1110 expugnationi
567 1024 654 1090 urbis
676 1045 701 1088 a.
726 1027 788 1089 302
811 1027 968 1110 interfuit,
997 1033 1029 1092 et
1059 1034 1129 1094 tum
1157 1035 1283 1117 quidem

134 1136 1285 1221 Scytholatronialntv.43)-utrecteemendavitGeppertus—intelle·

87 1247 93 1291 ἵ
132 1245 248 1328 gimus,
259 1264 322 1327 quo
335 1243 463 1305 nomine
478 1261 591 1325 nempe
603 1240 712 1323 Scythi
725 1241 756 1304 in
766 1240 892 1326 Europa
907 1243 1081 1309 incolentes
1097 1248 1283 1332 significan·

133 1358 193 1436 tur,
209 1373 281 1416 nam
294 1353 332 1416 de
342 1351 598 1432 expeditionibus
607 1349 952 1432 contradsiaeScythos
963 1353 1053 1417 factis
1062 1356 1147 1419 nihil
1158 1359 1283 1424 scimus.

133 1461 195 1526 Sed
211 1462 339 1525 omuino
361 1462 507 1545 ignotum
531 1465 585 1542 est
609 1465 712 1524 utrum
732 1458 920 1542 Scythorum
939 1465 1133 1529 mentionem
1153 1467 1284 1535 Plautus
1324 1530 1327 1557 ,

131 1573 165 1636 in
180 1571 353 1655 exemplari
365 1570 523 1635 invenerit
538 1591 578 1634 an
591 1569 630 1634 de
645 1590 703 1634 suo
716 1571 881 1654 addiderit,
904 1592 1011 1638 vocem
1025 1572 1283 1656 Scytholatronia
1325 1564 1327 1579 Ι

133 1688 216 1747 certe
247 1683 315 1765 ipse
344 1680 445 1745 finxit
490 1679 557 1744 Nec
588 1680 695 1744 minus
723 1680 844 1744 incerta
873 1701 923 1746 res
952 1687 1000 1747 est
1030 1684 1070 1748 de
1098 1693 1233 1754 centum
1256 1696 1284 1756 et

134 1791 366 1875 quinquaginta
388 1790 561 1871 hominnm,
585 1809 664 1873 quos
686 1790 719 1851 in
738 1783 858 1872 Cilicia,
880 1796 912 1855 et
934 1792 1128 1877 quingentis
1151 1817 1237 1880 quos
1250 1799 1280 1862 in

133 1898 329 1982 Cappadocia
353 1899 444 1962 miles
467 1896 619 1961 eccidisse
642 1902 795 1979 narratur,
817 1897 872 1961 ubi
888 1899 1014 1982 saepius
1030 1908 1213 1985 pugnatum
1231 1913 1282 1989 est,

133 2006 172 2070 de
205 2003 432 2068 Macedonibus
465 2021 540 2066 vero
576 2004 614 2082 (v.
637 2002 690 2082 44)
724 2021 765 2065 ne
799 2003 832 2066 id
869 2004 996 2086 quidem
1035 2011 1121 2070 certa
1158 2013 1281 2076 ratione

132 2111 308 2175 diiudicare
330 2129 509 2193 possumus,
539 2113 644 2172 utrum
667 2109 753 2192 regis
775 2107 979 2174 Macedoniae
1002 2112 1111 2194 copiae
1135 2114 1282 2183 dicantur

132 2235 171 2280 an
196 2234 251 2280 eae
281 2215 438 2280 exercitus
467 2219 586 2298 partes,
614 2234 691 2298 quas
721 2232 762 2277 ex
785 2213 979 2278 Macedoniis
1008 2216 1166 2283 militibus
1199 2241 1281 2286 com·

132 2326 249 2410 positas
281 2344 390 2390 omnes
419 2343 511 2408 reges
543 2322 708 2387 habebant.
753 2323 836 2386 Illud
860 2328 895 2386 ut
917 2328 1105 2408 statuamus,
1137 2328 1170 2392 id
1198 2332 1280 2415 quod

131 2439 196 2498 tota
218 2434 279 2498 loci
301 2435 381 2499 ratio
404 2434 537 2498 suadere
561 2433 694 2514 videtur,
718 2452 879 2515 nunquam
903 2433 1051 2497 audimus
1071 2433 1280 2523 Demetrium,

133 2564 173 2609 ex
198 2563 260 2627 quo
284 2562 417 2627 regnum
442 2542 646 2607 Macedoniae
669 2542 800 2625 adeptus
824 2546 885 2623 est,
914 2562 1015 2627 usque
1037 2545 1077 2607 ad
1099 2565 1127 2608 a.
1154 2549 1219 2612 287
1243 2551 1280 2615 ab

133 2652 197 2716 ullo
217 2657 392 2716 ceterorum
409 2672 520 2735 regum
541 2652 659 2735 proelio
676 2651 795 2714 victum
809 2670 887 2731 esse,
910 2671 969 2716 nec
983 2653 1075 2717 facile
1089 2657 1281 2739 cogitaveris

133 2758 172 2821 de
196 2756 380 2822 Cassandro.
428 2757 617 2821 Omittamus
638 2756 739 2841 igitur
761 2757 898 2821 laborem
914 2762 944 2821 et
958 2759 1120 2842 ingratum
1136 2767 1169 2825 et
1183 2764 1281 2829 inuti-

132 2861 195 2925 lem
218 2880 259 2925 ex
290 2861 341 2925 his
364 2862 469 2925 verbis
491 2866 591 2925 certas
614 2881 665 2925 res
687 2867 792 2946 gestas
815 2863 1010 2926 enucleandi.
1054 2862 1185 2948 Reliqui
1209 2877 1282 2935 suut

132 2991 176 3034 vs.
202 2971 241 3034 13
265 2991 347 3055 sqq,
387 2971 442 3034 ubi
479 2971 584 3035 verbis
613 2969 758 3050 Neptuni
796 2990 891 3050 nepos
926 2971 1109 3057 Antigonus
1141 2974 1281 3043 Gonatas

132 3081 268 3145 describi
292 3081 452 3144 nonnullis
475 3080 562 3144 visus
584 3085 639 3145 est.
684 3079 718 3144 Si
741 3082 800 3144 hoc
824 3081 1042 3165 concedimus,
1074 3087 1280 3171 postulamus,

133 3195 168 3254 ut
190 3190 372 3272 Antigonus
395 3190 565 3273 aliquando
585 3191 754 3273 imperator
776 3209 919 3254 summus
942 3196 1014 3254 ante
1032 3212 1059 3255 a.
1075 3194 1137 3256 287
1153 3213 1280 3280 pugnas

132 3298 339 3378 commiserim
364 3317 474 3362 verum
498 3300 583 3363 enim
607 3318 681 3362 vero
704 3300 766 3363 nisi
789 3319 814 3362 a.
839 3300 902 3363 290
926 3301 1079 3364 exercitui
1103 3320 1166 3366 nou
1189 3323 1280 3388 prae·

130 3409 207 3490 fuit,
247 3427 319 3471 cum
351 3406 515 3471 Thebanos
549 3406 745 3486 devinceret,
787 3425 862 3470 num
899 3412 1003 3472 autem
1038 3414 1175 3474 statuere
1206 3413 1281 3479 licet

132 3516 420 3601 Pyrgopolynicem
443 3534 582 3600 unquam
607 3515 815 3579 Macedonum
847 3517 916 3599 regi
937 3517 1035 3581 tuisse
1057 3520 1279 3586 auctoratum?

132 3625 196 3687 Vix
231 3624 345 3689 deinde
379 3616 458 3708 opus
491 3630 553 3706 est,
595 3629 631 3688 ut
662 3644 807 3689 moneam
841 3624 875 3687 in
910 3626 993 3690 hunc
1026 3645 1130 3710 neque
1161 3648 1279 3695 nomen

132 3729 370 3818 Βομβομαχίδης
396 3734 507 3797 cadere
528 3753 632 3817 neque
646 3729 1075 3820 Κλυτομηστωροδυσαρχίόης
1098 3737 1195 3820 (quod
1209 3759 1281 3823 pro·

131 3843 280 3908 habiliter
301 3841 440 3906 restituit
461 3841 672 3922 Ritschelius).
717 3844 818 3907 Immo
851 3844 878 3908 si
902 3845 978 3908 haec
1000 3846 1095 3909 verba
1119 3865 1159 3910 ex
1183 3850 1282 3915 attica

130 3953 238 4017 fabula
261 3956 388 4032 sumpta
413 3957 494 4035 suut,
521 3953 625 4036 quode
648 3952 739 4017 valde
762 3953 890 4036 dubito,
921 3955 1030 4039 eisque
1053 3959 1157 4020 certus
1179 3957 1282 4043 impe·

131 4066 217 4126 rator
237 4061 375 4144 ridetur,
407 4066 515 4125 notum
548 4080 621 4126 eum
653 4062 736 4145 apud
760 4062 896 4126 Graecos
929 4067 960 4127 et
982 4063 1138 4146 singulari
1162 4063 1282 4131 virtute

133 4170 246 4234 bellica
268 4170 388 4234 clarum
411 4171 556 4254 cogimur
578 4172 769 4256 existimare,
791 4172 826 4235 in
845 4190 921 4236 voce
938 4192 1011 4237 vero
1027 4169 1169 4252 Neptuni
1184 4193 1283 4256 nepos

132 4279 214 4343 nihil
236 4278 384 4343 subtilius
408 4280 623 4364 quaerendum
647 4285 700 4345 est
746 4282 906 4366 Antigono
927 4280 989 4366 ipsi
1005 4281 1114 4347 dubito
1138 4302 1180 4346 an
1198 4303 1282 4350 nun-

137 4409 231 4477 quam
254 4387 314 4453 hoc
342 4389 598 4481 demandatum
633 4389 692 4475 sit,
724 4389 910 4478 interpretes
941 4390 1017 4458 inde
1050 4389 1284 4481 concluserunt,
