2836 4838
129 471 362 539 Consideretur
384 473 500 540 deinde

132 651 367 735 Stichus.

220 811 414 877 Translatam
449 831 520 876 eam
552 831 621 876 esse
660 831 702 876 ex
732 810 900 876 Menandri
931 812 1081 897 Adelphis
1113 813 1285 878 didascalia

131 919 246 984 codice
276 919 488 986 Ambrosiano
523 920 637 984 tradita
673 920 778 1002 docet,
812 939 908 1003 quam
938 940 1010 984 cnm
1042 925 1073 985 et
1094 920 1286 987 Ritsohelius

131 1028 276 1113 (Parerg.
299 1049 327 1113 p.
342 1027 419 1113 270)
444 1032 476 1092 97
497 1025 736 1092 Studemundus
760 1026 943 1107 (Conrment
959 1027 1144 1094 Mommsen.
1168 1050 1195 1113 p.
1210 1031 1284 1112 782)

132 1140 318 1218 corruptam
355 1137 547 1218 iudicarent,
578 1135 610 1199 ll.
640 1134 817 1200 Schoellius
848 1135 903 1219 (Ill.
933 1156 1004 1201 ann.
1035 1138 1110 1222 phil.
1139 1158 1165 1202 a.
1199 1139 1283 1202 1879

132 1267 162 1330 p.
188 1244 243 1325 44)
266 1264 375 1309 sanam
404 1263 473 1308 esse
502 1245 729 1308 demonstravit
760 1245 873 1309 collato
904 1246 1023 1310 scholio
1056 1247 1096 1311 ad
1119 1247 1283 1312 Platonem

133 1354 175 1439 (p.
200 1351 292 1437 276),
322 1372 384 1437 quo
415 1353 584 1417 edocemur
615 1353 694 1417 duas
716 1352 884 1418 Menandri
914 1355 1037 1419 fabulas
1055 1350 1206 1440 Ἀδελφοί
1234 1359 1284 1420 in-

132 1462 269 1546 scriptas
288 1462 396 1547 fuisse,
419 1482 553 1548 quarum
575 1462 713 1547 priorem
728 1463 870 1545 Planina,
891 1463 1056 1529 Terentius
1079 1465 1282 1549 posteriorem

134 1568 282 1648 verterit,
315 1586 420 1652 neque
453 1567 547 1632 hodie
583 1568 752 1651 quisquam
786 1569 905 1651 peritus
940 1569 979 1632 de
1011 1588 1048 1632 99
1084 1589 1118 1633 19
1152 1570 1284 1655 dubitat,

134 1697 328 1763 quamquam
352 1678 447 1740 etiam
469 1675 611 1741 Kockius
634 1675 732 1756 (Gom.
756 1677 819 1740 Att.
843 1675 893 1740 ΙΙΙ
915 1696 943 1761 p.
968 1679 1041 1758 144)
1075 1683 1107 1743 97
1129 1678 1283 1745 Christius

136 1786 261 1864 (Gosch.
282 1786 372 1871 dgr.
389 1784 477 1850 Litt²
499 1806 526 1870 p.
544 1787 617 1859 279)
642 1790 779 1850 veterem
802 1785 967 1850 Ritsohelii
989 1788 1169 1870 opinionem
1193 1809 1283 1855 suam

132 1897 289 1961 fecerunt.

223 2003 330 2088 Atque
352 2003 557 2068 Terentianae
585 2003 710 2067 fabulae
733 2003 915 2088 exemplum
939 2005 1065 2089 quando
1097 2011 1201 2071 actum
1234 2009 1283 2090 sit,

134 2113 306 2179 nescimus.
344 2111 382 2175 ld
404 2116 526 2175 tantum
550 2116 680 2196 constat,
704 2112 835 2177 Athenis
858 2117 924 2176 tum
948 2113 1066 2178 bellum
1089 2134 1153 2178 non
1177 2116 1282 2179 immi·

133 2223 254 2304 nuisse,
276 2241 349 2285 nam
372 2219 493 2285 Demea
514 2241 587 2285 rure
609 2223 643 2284 in
668 2221 778 2285 urbem
802 2222 888 2286 venit
910 2226 941 2286 et
962 2243 1017 2287 rus
1039 2224 1136 2307 redit,
1166 2225 1281 2290 deinde

135 2331 278 2416 Cyprum
308 2333 449 2414 pacatam
479 2330 577 2394 fuisse
609 2349 667 2394 neo
698 2331 732 2392 in
760 2331 890 2414 Aegaeo
922 2349 982 2394 nec
1009 2331 1043 2393 in
1073 2329 1170 2412 Lycio
1201 2333 1282 2396 mari

135 2442 269 2506 classem
292 2439 440 2503 hostilem
462 2444 617 2503 versatam
640 2458 717 2522 esse,
740 2458 813 2501 nam
837 2439 908 2502 leno
931 2439 985 2501 illo
1009 2440 1204 2522 profecturus
1227 2448 1283 2523 est,

135 2556 174 2617 nt
195 2549 376 2614 meretrices
399 2548 516 2612 vendat
537 2554 569 2612 et
586 2549 771 2632 Pamphilae
794 2553 947 2632 cognatus
969 2547 1102 2633 fingitur
1125 2551 1282 2634 virginem

135 2659 283 2724 Miletum
305 2658 506 2722 abducturus.
543 2658 671 2722 Poterat
692 2659 792 2741 igitur
813 2658 891 2721 haec
912 2658 1027 2741 fabula,
1051 2679 1145 2743 quam
1170 2666 1204 2724 ut
1226 2680 1282 2743 par

134 2771 186 2834 est
214 2766 440 2850 posterioribus
469 2764 637 2829 Menandri
667 2767 928 2848 adnumeramuS,
959 2768 1071 2831 9392
1106 2768 1176 2852 agi,
1209 2789 1280 2833 cum

134 2876 282 2941 Athenae
312 2895 331 2939 a
361 2873 523 2939 Demetrio
553 2874 721 2958 liberatae,
753 2874 849 2959 Cypri
879 2876 973 2940 urbes
1007 2876 1154 2941 subactae
1186 2883 1282 2962 orant,

135 3003 225 3062 mare
247 2984 413 3068 Aegaeum
443 2985 512 3049 eius
535 2984 670 3048 navibus
693 2985 873 3067 tenebatur,
903 2990 1024 3069 poterat
1053 2986 1107 3069 agi
1138 2987 1213 3052 inde
1242 2988 1281 3052 ab

134 3095 250 3160 aeoo
275 3094 437 3177 usquead
461 3114 486 3157 a.
511 3095 590 3176 297,
622 3115 692 3158 cum
717 3093 897 3160 Demetrius
925 3096 960 3158 in
983 3094 1095 3160 Cilicia
1127 3101 1158 3160 97
1179 3097 1281 3161 Ρ7199-

133 3205 223 3270 nicia
256 3202 437 3268 versabatur
470 3204 606 3267 necdum
638 3203 770 3269 Lachari
805 3210 939 3286 tyranno
974 3205 1092 3270 bellum
1125 3208 1284 3290 intulerat,

132 3316 258 3399 poterat
279 3312 417 3395 denique
440 3332 466 3375 a.
490 3313 552 3375 293
576 3317 607 3376 97
630 3314 692 3376 292
716 3312 838 3393 doceri,
869 3333 941 3376 cum
966 3314 1105 3378 Athenae
1127 3335 1146 3377 9
1168 3314 1282 3380 Deme-

131 3422 205 3506 trio,
227 3419 349 3505 prrus
372 3441 391 3484 a
413 3419 593 3485 Ptolemaeo
616 3426 723 3505 captae
746 3426 842 3485 erant.

212 3529 293 3594 ⁴Hoc
315 3529 415 3613 igitur
438 3549 510 3593 cum
533 3529 566 3591 in
591 3531 695 3593 medio
712 3530 933 3614 rehquendum
958 3531 1007 3614 sit,
1029 3551 1069 3596 ex
1092 3532 1158 3596 sola
1174 3531 1281 3597 Sticho

132 3659 303 3706 cernamus
318 3645 447 3723 oportet,
470 3640 596 3723 quando
614 3641 698 3723 prior
711 3639 875 3724 Adelphoe
899 3642 971 3705 data
993 3642 1042 3705 sit.
1078 3642 1128 3707 Ac
1144 3643 1279 3727 primum

135 3749 268 3834 quidem
290 3748 467 3814 cavendnm
490 3752 545 3831 est,
567 3768 607 3813 ne
631 3768 672 3813 ex
695 3770 723 3813 v.
748 3751 827 3814 135:

317 3855 419 3922 Vosne
441 3857 581 3921 latrones
604 3863 632 3921 ct
654 3859 811 3924 mendicos
832 3858 972 3924 homiues
993 3860 1101 3943 crepui
1112 3860 1283 3940 penditis?

133 3967 343 4039 concludatur
366 3964 477 4031 fratres
500 3967 657 4030 militandi
681 3988 776 4033 causa
798 3969 831 4031 in
858 3969 965 4033 Asiam
988 3968 1109 4050 abisse;
1140 3971 1174 4034 id
1197 3971 1282 4034 enirn

133 4097 197 4143 nec
219 4077 368 4141 convenit
390 4075 512 4140 maritis
535 4081 566 4139 et
588 4077 744 4141 refellitur
766 4097 812 4141 vs.
834 4079 899 4140 494
915 4095 979 4158 sq.:

485 4179 657 4262 Mercurio,
681 4182 735 4263 qui
756 4202 803 4245 me
825 4181 862 4245 ic
883 4181 1096 4246 mercimoniis

309 4288 397 4354 Iuvit
421 4288 579 4371 lucrisque
601 4289 856 4372 quadruplicavit
878 4311 943 4354 rom
966 4311 1074 4356 mcum.

136 4399 388 4481 emulationes
419 4399 481 4465 sibi
505 4398 596 4484 velit,
626 4401 749 4478 nescio,
778 4400 886 4467 Plauti
915 4402 1044 4490 quidem
1071 4407 1171 4470 aetate
1202 4401 1283 4469 nihil
