2836 4838
678 269 721 333 46

130 438 238 527 Atque
272 443 437 506 externum
467 443 624 527 quendam
659 463 768 529 regem
803 444 974 511 subaudire
1005 465 1101 530 quam
1131 437 1277 532 ineptum

131 550 188 634 sit,
218 551 377 615 nemiuem
408 551 506 636 fugit,
537 552 593 617 sed
622 572 663 618 ne
685 553 931 619 Atheniensium
961 554 1090 638 quidem
1114 574 1190 640 reu,
1224 555 1277 640 qui

131 679 220 725 sacra
241 661 287 725 rei
309 660 455 744 publicae
479 661 726 746 administrabat,
748 664 893 748 intellegi
915 668 1016 748 potest
1043 702 1074 711 -
1102 684 1179 730 eum
1195 664 1277 729 Trin.

132 770 194 835 201
219 770 283 835 1161
306 770 518 852 Ostermayeri
542 778 590 837 est
610 774 774 856 sententia,
797 774 834 836 of.
855 773 939 838 infra
960 810 1012 857 -,
1043 794 1118 840 nam
1143 774 1278 839 ubicun-

133 898 195 964 que
223 882 307 945 servi
338 886 393 946 aut
420 883 550 965 parasiti
579 887 740 947 currentes
763 883 959 947 obstantibus
988 885 1195 968 minitantur,
1227 904 1279 950 eos

132 991 255 1074 dicunt,
286 993 342 1074 qui
368 992 402 1054 in
425 992 609 1076 republica
631 993 771 1076 gerenda
793 993 915 1076 aliquid
938 994 1060 1076 valent,
1090 993 1279 1059 demarchos

130 1101 311 1165 comarchos
333 1106 487 1185 strategos
510 1121 727 1185 agoranomos.
773 1101 844 1166 Non
868 1103 969 1186 igitur
989 1103 1035 1166 tas
1065 1107 1113 1167 cst
1136 1105 1279 1188 cogitare

132 1210 193 1273 nisi
217 1209 256 1274 de
279 1200 356 1273 uero⁴
376 1229 461 1293 rege,
485 1211 540 1290 qui
563 1210 811 1294 curnAdelphoe
833 1211 1150 1276 docebaturAthenis
1172 1212 1279 1278 fuerit

131 1317 330 1383 Demetrium
366 1317 575 1383 Poliorcetam
615 1319 789 1404 significari
832 1320 944 1384 elucet.
1004 1319 1068 1396 nui
1095 1328 1279 1406 postquam

131 1451 157 1496 a.
182 1431 244 1493 307
267 1427 385 1512 πέμπτῃ
411 1427 565 1512 φθίνοντος
589 1428 801 1514 Θαργηλιῶνος
824 1429 917 1511 (Ρ161
932 1429 1070 1494 Demetr.
1086 1429 1117 1512 8)
1134 1430 1280 1496 Athenas

131 1538 288 1624 profectus
310 1537 422 1603 Piraeo
443 1537 669 1622 Munichiaque
692 1540 883 1623 expugnatis
914 1540 948 1602 in
972 1539 1148 1604 libertatem
1172 1541 1279 1605 vindi·

131 1648 216 1712 cavit
237 1666 307 1711 oum
331 1647 483 1711 inauditis
506 1647 678 1712 honoribus
700 1647 830 1712 affectus
860 1653 928 1712 tum
956 1649 1042 1733 regis
1073 1649 1206 1715 nomine
1231 1671 1279 1715 or-

132 1761 240 1839 66166,
273 1761 370 1821 totam
393 1757 529 1821 hiemem
559 1758 604 1822 ibi
637 1758 726 1841 degit
755 1763 786 1822 et
808 1779 834 1822 a.
859 1759 921 1821 306
945 1757 1109 1839 Dionysiis
1132 1760 1214 1824 actis
1238 1799 1278 1808 —

131 1887 204 1932 nam
227 1867 261 1931 16
285 1868 353 1931 6166
375 1866 525 1931 honorem
549 1866 711 1932 Demetrio
732 1869 894 1932 nominata
917 1873 991 1933 sunt
1013 1903 1053 1914 -
1076 1869 1168 1933 iussu
1185 1871 1279 1933 Anti-

131 1975 208 2061 goni
229 1974 264 2038 in
287 1973 425 2059 Cyprum
449 1975 620 2059 navigavit.
666 1975 786 2052 Quodsi
808 1977 976 2040 statuimus
998 1976 1162 2060 Adelphos
1184 1979 1278 2043 initio

132 2085 208 2148 anni
232 2085 294 2148 306
318 2089 418 2147 aotam
442 2103 519 2167 esse,
542 2084 648 2148 omnia
670 2083 750 2149 bene
774 2103 807 2148 66
830 2084 953 2149 habent.
998 2084 1080 2149 Nam
1103 2105 1177 2150 oum
1202 2089 1278 2152 Asia

131 2192 207 2257 inde
230 2193 269 2257 ab
292 2213 318 2256 6.
343 2193 415 2274 312,
441 2193 582 2257 Athenae
603 2212 677 2256 vero
699 2212 755 2277 per
776 2198 875 2257 totum
897 2194 957 2258 hoo
979 2198 1111 2279 tempus,
1137 2197 1165 2260 si
1190 2198 1279 2261 exci-

132 2301 237 2388 pimus
265 2302 393 2366 brevem
416 2301 590 2366 Ptolemaei
624 2301 714 2366 ducis
743 2303 978 2385 expeditionem
1010 2324 1036 2367 a.
1059 2305 1122 2367 312
1151 2306 1279 2388 factam,

133 2412 218 2496 pacis
241 2412 467 2492 tranquillitate
490 2430 566 2475 usae
589 2412 661 2494 6161,
682 2411 773 2475 166116
796 2411 991 2496 intellegitur
1013 2418 1045 2477 61
1054 2412 1277 2497 Epignomum

131 2520 450 2605 Pamphilippumque
472 2541 539 2585 rem
564 2521 750 2585 familiarem
774 2521 948 2585 comedisse
972 2520 1010 2601 (ν.
1035 2510 1109 2603 030)
1140 2528 1173 2586 61
1196 2543 1278 2588 mer-

133 2631 225 2695 candi
258 2651 352 2694 causa
381 2632 414 2693 in
447 2631 553 2694 Asiam
583 2630 693 2695 abisse.
739 2629 919 2695 Demetrius
951 2631 1066 2696 deinde
1099 2652 1125 2695 a.
1149 2633 1214 2696 303
1248 2639 1279 2698 61

135 2741 197 2803 302
222 2740 356 2803 Athenis
378 2740 446 2821 fuit,
468 2740 523 2803 sed
547 2740 586 2804 de
608 2740 658 2804 his
680 2741 772 2804 annis
794 2740 913 2805 bellum
930 2745 1077 2821 quattuor
1097 2760 1154 2825 per
1177 2763 1278 2808 annos

133 2868 206 2912 oum
229 2847 403 2912 Cassandro
426 2853 551 2932 gestum
575 2853 659 2913 vetat
681 2849 823 2933 cogitari.
869 2850 903 2913 A.
927 2851 991 2913 294
1013 2851 1077 2914 iam
1099 2871 1197 2936 supra
1218 2854 1279 2917 im·

133 2957 343 3043 probavimus.
387 2958 554 3022 Tenendus
577 2957 676 3042 igitur
699 2964 746 3022 est
767 2979 795 3022 6.
820 2959 892 3022 306.

222 3066 361 3148 Accedit,
384 3071 419 3131 ut
440 3067 487 3130 sic
509 3064 635 3131 demum
660 3068 777 3151 legatio
792 3067 1061 3132 Ambraciotarum
1085 3073 1156 3152 apte
1179 3071 1281 3154 possit

135 3175 294 3260 explicari.
356 3173 436 3239 Nam
468 3195 540 3239 cum
571 3175 734 3259 Epirotae,
765 3177 820 3241 ubi
860 3177 997 3261 primum
1026 3175 1211 3242 Demetrius
1244 3181 1279 3245 in

135 3285 267 3350 Graecia
289 3284 436 3367 constitit,
458 3284 630 3349 rebellione
653 3290 760 3349 contra
783 3285 993 3350 Cassandrum
1015 3289 1096 3351 facta
1117 3292 1149 3351 et
1166 3287 1282 3355 Alceta

133 3395 320 3477 interempto
342 3393 500 3475 Pyrrhum
530 3413 637 3478 regem
668 3396 876 3479 recepissent,
904 3415 1009 3460 nonne
1032 3402 1281 3464 consentaneum

136 3505 185 3565 est
207 3501 334 3564 credere
363 3500 422 3563 hoc
448 3484 516 3583 ipso
540 3504 678 3583 tempore
702 3501 887 3565 Ambraciae
910 3518 1036 3581 quoque
1065 3501 1152 3566 cives
1175 3522 1282 3569 mace-

136 3612 249 3675 donica
271 3613 421 3693 potestate
443 3629 512 3674 sese
528 3609 687 3693 liberasse,
710 3612 892 3694 praesertim
915 3630 986 3675 cum
1011 3614 1042 3674 61
1056 3609 1146 3695 Epiri
1168 3632 1282 3698 regem

135 3727 167 3786 et
189 3719 318 3784 Aetolos
340 3737 374 3782 66
396 3719 559 3782 adiuturos
589 3738 657 3783 esse
679 3725 807 3803 possent
829 3720 1035 3804 exspectare?
1079 3717 1206 3786 Deinde
1229 3726 1284 3789 vel

136 3850 192 3916 per
223 3848 257 3894 66
287 3828 573 3912 probabilissimum
608 3835 654 3893 661
678 3829 833 3912 Pyrrhum
867 3850 938 3894 cum
962 3827 1123 3923 Demetrio
1151 3830 1283 3899 foedere

135 3960 169 4005 66
191 3937 335 4019 sociasse,
358 3955 430 4000 oum
453 3937 562 4020 paucis
584 3939 676 4001 annis
699 3942 768 4022 post
790 3957 807 4003 e
830 3958 929 4022 regno
952 3939 1103 4022 expulsus
1126 3938 1160 4000 in
1182 3939 1284 4006 huius

137 4048 238 4109 castra
268 4061 301 4105 se
324 4041 501 4106 contulerit.
548 4041 695 4108 Vidimus
725 4044 824 4127 igitur
846 4043 1012 4107 Menandri
1037 4043 1194 4127 Adelphos
1224 4047 1284 4110 rix

136 4158 208 4219 ante
231 4173 257 4216 a.
281 4152 342 4215 311
367 4151 473 4216 doceri
495 4154 643 4237 potuisse,
676 4153 812 4218 vidimus
835 4154 955 4238 legatus
977 4152 1224 4219 Ambracienses
1246 4157 1281 4220 in

136 4282 173 4328 ea
195 4266 453 4326 commemoratos
477 4261 616 4326 Athenas
638 4263 820 4344 nequivisse
844 4261 952 4327 venire
983 4261 1046 4326 nisi
1074 4261 1158 4327 intra
1179 4282 1283 4331 annos

137 4370 199 4439 307
224 4373 256 4435 et
276 4370 405 4439 tortasse
428 4370 501 4455 302,
524 4388 587 4453 quo
609 4370 751 4454 Pyrrhus
772 4390 872 4458 regno
894 4371 1035 4458 privatus
1057 4375 1114 4459 est,
1140 4369 1283 4443 vidimus
