2836 4838
682 184 741 280 'aa

149 390 326 481 aegerrime
348 392 430 459 ferre
453 397 548 477 atque
571 412 641 457 cam
665 393 932 478 emendationem,
963 413 1059 478 quam
1081 390 1315 482 Kicsslingius'

147 506 242 591 (apud
266 504 522 585 Ostermayerum
546 503 585 566 de
608 503 678 566 hist.
701 502 763 566 fab.
793 504 828 566 in
851 524 930 568 com.
954 504 1056 568 Plaut.
1081 505 1156 570 diss.
1182 505 1303 590 Gryph.

148 614 233 678 1884
255 632 283 695 p.
307 609 362 696 38)
388 610 598 694 excogitavit:
623 613 754 672 caelatos
777 607 883 693 Syros,
905 611 925 673 i.
949 629 975 673 e.
999 607 1066 680 τοὺς
1090 610 1303 696 Λευκοσύροθς

146 721 227 786 milii
243 722 334 786 valde
350 721 500 785 arridere.
536 718 624 795 Quae
647 719 675 782 si
690 724 777 784 recta
800 725 856 802 est,
878 720 983 785 eidem
993 720 1169 786 Ptolemaei
1190 727 1304 786 contra

147 831 315 896 Cassandri
338 831 444 914 copias
467 828 663 912 expeditioni
687 828 872 892 ascribenda
902 835 965 912 θεῖ,
995 832 1048 895 cui
1072 829 1304 912 Popdluponos

146 942 178 1002 et
199 936 356 1021 Sinopae,
383 957 421 1024 ac
449 938 588 1021 profecto
613 935 772 1000 Diodorus
801 937 820 999 l.
843 937 862 1000 l.
886 941 992 1001 narrat
1015 937 1160 1001 Amisum
1198 937 1304 1020 ipsius

145 1049 242 1112 huius
263 1049 404 1132 regionis
427 1049 566 1111 vicinam
596 1047 817 1111 aPtolemaeo
841 1047 1005 1111 obsidione
1027 1047 1192 1110 liberatam
1218 1064 1302 1111 esse.

231 1156 407 1240 Hucusque
441 1157 547 1220 omnia
583 1157 759 1239 perspicua.
805 1155 990 1239 Sequuntur
1025 1155 1153 1219 nomina
1190 1157 1317 1219 iocose>

147 1266 220 1331 ficta
243 1271 274 1330 et
296 1267 409 1349 partim
433 1285 475 1328 ex
497 1265 627 1328 historia
651 1264 843 1329 Graecorum
872 1264 1009 1329 fabulari
1038 1265 1188 1350 repetita,
1216 1284 1303 1349 quac

146 1377 186 1439 ad
202 1395 252 1440 res
269 1375 333 1439 illis
349 1374 543 1459 temporibus
558 1378 664 1459 gestas
679 1375 795 1439 reterre
812 1376 907 1437 nimis
923 1375 1133 1458 periculosum
1151 1373 1299 1454 videtur3

146 1485 232 1569 quod
255 1485 338 1548 inter
369 1503 406 1548 ea
440 1489 543 1547 exstat
564 1481 717 1565 Libyam,
752 1482 882 1547 offendit
901 1489 1026 1568 propter
1049 1483 1301 1548 collocationem.

148 1591 182 1657 Si
205 1613 317 1657 sanum
342 1597 398 1676 θεῖ,
420 1592 512 1655 t'acile
536 1593 656 1675 cogites
680 1591 718 1654 de
742 1592 943 1675 expeditione
971 1613 990 1655 a
1011 1591 1193 1656 Ptolemaeo
1216 1590 1301 1677 Lagi

144 1703 210 1766 filio
233 1703 386 1767 adversus
408 1701 528 1783 Libyae
550 1706 662 1785 gentos
692 1722 718 1765 a.
741 1702 802 1763 311
833 1702 930 1785 facta,
962 1702 1002 1765 do
1034 1722 1096 1784 qua
1125 1701 1301 1767 edocemur

144 1811 350 1895 inscriptione
373 1812 574 1895 Aegyptiace
596 1809 648 1892 (cf.
673 1808 858 1890 Droysenus
880 1809 912 1872 ΙΙ
936 1832 963 1894 p.
988 1807 1061 1894 69);
1096 1811 1152 1874 sed
1183 1832 1299 1894 quam-

144 1941 239 2005 quam
263 1940 318 2005 per
340 1940 374 1984 εθ
398 1902 461 1984 non
485 1915 673 1984 offendimus
696 1921 729 1982 in
754 1939 799 2002 eo,
823 1920 907 2002 quod
922 1917 1076 1983 Demetrii
1100 1921 1192 1984 miles
1215 1921 1298 1985 alio-

141 2051 212 2095 rum
234 2031 375 2094 facinora
398 2029 457 2093 sibi
484 2030 640 2110 vindicat,
671 2035 775 2093 tamen
797 2031 832 2092 id
854 2031 913 2093 hoc
937 2030 1065 2113 quidem
1088 2030 1156 2094 loco
1179 2050 1296 2114 parum

144 2141 210 2204 veri
240 2141 346 2203 simile
369 2139 530 2203 videbitur
553 2139 827 2203 considerantibus
859 2141 925 2203 sola
947 2140 1104 2223 Antigoni
1125 2138 1294 2222 legionum

141 2249 225 2313 bella
249 2268 348 2333 usque
364 2249 468 2313 adhuc
488 2254 733 2312 commemorata
756 2267 832 2331 θεεθ,
857 2250 952 2313 unius
974 2269 1016 2313 ex
1037 2250 1092 2331 eia,
1114 2247 1296 2314 Ptolemaei

142 2359 212 2424 dico
235 2360 318 2423 intra
341 2379 440 2423 annos
457 2360 520 2423 315
544 2365 575 2423 θῖ
598 2361 660 2422 312
684 2360 776 2443 gesti,
799 2358 1003 2422 subtilissime
1018 2356 1161 2441 singulas
1177 2363 1294 2442 partes.

140 2469 273 2534 Accedit
295 2469 390 2533 aliud.
422 2469 581 2533 Posterior
603 2470 665 2532 loci
688 2489 759 2553 pars
781 2504 822 2513 —
846 2469 911 2532 scil.
943 2469 1017 2532 inde
1047 2488 1065 2531 a
1088 2467 1227 2532 Peredic
1249 2504 1295 2513 -

140 2584 223 2643 certe
255 2581 385 2663 partim,
417 2585 452 2643 ut
485 2580 599 2643 docent
628 2581 758 2642 nomina
780 2578 933 2642 Perediae
968 2582 999 2642 et
1020 2577 1242 2654 Perbibesiae‚
1273 2599 1293 2642 a

139 2686 253 2752 Plauto
275 2689 344 2771 ipso
367 2687 493 2752 condita
516 2692 579 2769 θεῖ,
611 2689 645 2750 ni
667 2687 772 2767 fallor,
804 2692 867 2750 tota
896 2687 934 2750 ad
959 2706 1031 2750 eum
1054 2686 1151 2769 redit,
1184 2705 1294 2771 neque

139 2799 224 2861 enim
247 2817 381 2881 graecus
404 2802 495 2880 poeta
514 2792 782 2880 Κενταυρομαχίαν
806 2801 920 2860 terram
945 2795 1041 2859 ullam
1064 2796 1165 2880 potuit
1187 2797 1292 2859 nomi·

137 2924 223 2989 nare,
248 2905 393 2989 quamvis
408 2906 573 2987 iocaretur,
597 2924 655 2968 nec
677 2904 777 2967 habeo
802 2905 885 2987 quod
903 2923 1019 2968 nomen
1040 2901 1183 2968 Classico
1206 2903 1292 2970 Uno·

136 3015 302 3079 memmiae
333 3015 373 3080 ab
404 3034 441 3080 eo
474 3016 646 3100 profectum
677 3034 746 3079 esse
779 3015 905 3078 credam
936 3014 975 3077 aab
1001 3015 1199 3079 Amazonum
1224 3033 1290 3078 non

136 3129 241 3209 gente,
264 3144 375 3189 verum
398 3126 540 3189 exercitu
564 3125 750 3207 derivatum,
779 3124 818 3187 de
841 3142 896 3187 oro
920 3128 1027 3187 autem
1055 3121 1290 3188 Conterebrom-

136 3234 194 3298 θέα
217 3253 254 3299 eo
277 3235 384 3298 minus
414 3238 476 3298 stat
496 3235 671 3316 iudicium,
704 3235 788 3317 quod
817 3253 858 3297 ne
880 3234 1029 3297 Plautina
1061 3233 1189 3316 quidem
1223 3254 1288 3298 vox

58 3360 62 3381 ⁹
135 3345 239 3408 adhuc
261 3351 331 3429 apte
355 3346 511 3430 explicata
535 3350 589 3409 θεῖ.
634 3344 746 3427 Itaque
769 3343 913 3426 Libyam,
943 3364 1015 3408 eum
1038 3362 1097 3407 nec
1119 3344 1211 3407 facile
1235 3365 1286 3410 ro·

133 3455 252 3518 feratur
282 3455 321 3519 ad
351 3474 400 3519 res
430 3476 449 3518 a
470 3454 744 3538 Therapontigono
768 3452 969 3538 Platagidoro
993 3459 1098 3538 gestas
1127 3458 1158 3517 ct
1181 3459 1287 3518 exstet

135 3565 218 3630 inter
239 3565 385 3648 nomina,
416 3584 497 3648 quac
519 3566 623 3628 iocose
656 3563 730 3627 ficta
752 3568 826 3627 sunt
848 3568 943 3646 atquc
965 3582 1128 3627 romanam
1156 3563 1287 3646 sapiunt

134 3675 301 3757 originem,
324 3679 506 3758 corruptum
529 3674 609 3736 mihi
625 3673 750 3736 videtur
772 3691 892 3756 proque
915 3692 951 3736 eo
976 3672 1049 3736 olim
1073 3671 1160 3736 aliud
1184 3672 1284 3736 exsti-

133 3779 209 3844 tisse
232 3785 407 3843 monstrum
435 3779 580 3844 vocabuli
604 3786 636 3844 et
657 3782 762 3864 ipsum
784 3800 871 3844 mere
893 3780 1086 3845 Plautinum.

218 3889 361 3974 Exposui
392 3889 600 3973 pluribusque
635 3889 792 3971 explicavi
825 3890 1061 3952 Wilamowitzii
1091 3889 1281 3953 sententiani

130 4003 224 4082 atque
248 3998 479 4062 demonstrasse
509 4000 587 4062 mihi
619 3999 728 4062 videor
757 3998 876 4081 omnia,
908 4018 988 4081 quae
1017 3999 1051 4061 in
1084 3998 1144 4061 hac
1172 3998 1295 4062 fabula·

130 4089 256 4189 insunt,
287 4107 327 4172 ad
368 4128 486 4172 annum
512 4109 574 4172 302
608 4114 639 4173 θῖ
666 4110 810 4192 proxime
839 4113 1007 4192 sequentes
1036 4108 1146 4172 referri
1178 4127 1281 4194 posse,

130 4216 301 4280 dummodo
331 4235 370 4280 ne
393 4218 426 4280 in
449 4218 587 4304 singulis
616 4219 711 4283 nimis
741 4220 846 4304 arguti
875 4219 983 4298 simus.
1028 4218 1135 4281 Posita
1167 4219 1281 4297 estin

129 4344 183 4408 θο,
215 4331 251 4390 ut
279 4345 322 4389 vs
347 4327 410 4390 394
433 4347 478 4413 sq.
505 4329 703 4414 oppugnatio
735 4326 880 4412 Sicyonis
915 4349 941 4393 a.
966 4329 1029 4392 303
1069 4348 1088 4392 a
1115 4325 1278 4393 Demetrio
