2836 4838
779 227 821 298 52

228 406 262 474 Π
277 429 305 493 p.
321 406 407 491 492),
439 404 479 471 de
502 420 564 493 quo
587 412 696 473 auctor
718 413 765 473 est
786 408 923 473 Zonaras
946 407 987 492 (8,
1002 409 1039 474 8:
1064 404 1101 472 ὀἱ
1124 403 1335 495 Mapaprir'or.

229 517 296 579 τότε
320 517 345 578 δ’
369 512 425 579 ὑπὸ
445 511 583 602 Ἱέρωνος
606 515 850 601 πολιορκούμενοι
874 516 1091 583 ἐπεκαλέσαντο
1111 515 1376 605 τοὺςῬωμαίοος)

229 633 261 692 et
282 629 316 691 in
340 648 403 713 quo
425 647 499 693 oum
520 627 632 692 horum
654 630 752 713 legati
766 627 899 693 Romam
913 629 1003 693 missi
1018 631 1177 694 auxilium
1194 636 1231 695 ut
1247 630 1377 696 ferretur

229 737 499 821 impetravissent,
527 737 561 801 id
591 742 626 801 ut
655 738 780 801 irritum
811 738 928 802 faceret
955 737 1071 803 Hanno
1098 738 1379 824 Carthaginiensis,

230 844 286 927 qui
309 862 411 907 arcem
425 841 589 907 Messanae
603 846 818 927 occupaverat,
841 861 951 924 pacem
968 844 1150 909 conciliavit
1164 845 1252 909 inter
1276 864 1331 910 eos
1352 848 1379 908 et

228 951 410 1016 Hieronem.
444 950 593 1028 Quartam
606 953 840 1036 expeditionem
857 973 883 1016 a.
897 953 961 1016 264
977 973 1041 1017 uua
1053 973 1125 1018 cum
1135 953 1377 1038 Carthaginien·

229 1060 318 1125 sibus
349 1060 440 1144 fecit,
478 1080 551 1124 cum
584 1060 766 1126 Mamertini
801 1061 834 1125 C.
870 1061 1039 1127 Claudium
1071 1061 1106 1127 in
1142 1062 1256 1128 urbem
1292 1083 1377 1128 suam

228 1170 420 1254 recepissent
441 1173 473 1233 et
487 1168 676 1234 Hannonem
700 1189 742 1234 err
764 1189 801 1235 ea
823 1171 970 1237 recedere
988 1172 1168 1256 coegissent
1191 1172 1281 1253 (Zon.
1298 1175 1328 1257 8,
1343 1174 1375 1254 93

229 1278 321 1345 Diod.
345 1278 446 1355 XXII
473 1281 524 1363 13,
540 1280 576 1360 93
609 1278 725 1343 XXIII
742 1279 770 1363 1,
786 1280 826 1362 2).
880 1279 1157 1365 Carthaginienses
1187 1285 1299 1346 autem
1332 1282 1387 1377 bis*

228 1387 406 1453 Messanam
433 1409 452 1451 a
474 1386 680 1469 Syracusanis
710 1395 917 1454 servaverunt
947 1389 1124 1473 obsessam,
1154 1410 1182 1455 a.
1208 1391 1275 1454 270
1301 1391 1376 1456 duce

228 1488 408 1561 Hannibale
433 1495 536 1576 (Diod.
559 1496 660 1561 XXII
677 1499 727 1582 13,
744 1497 783 1581 7),
813 1519 839 1562 a.
865 1499 928 1562 265
954 1499 1120 1564 Hannone.
1174 1498 1374 1584 Quamquam

228 1607 310 1670 hanc
331 1605 470 1670 nominis
493 1607 716 1690 diversitatem,
747 1626 827 1691 quae
850 1608 1018 1672 intercedit
1038 1609 1123 1672 inter
1143 1607 1327 1674 Diodorum
1347 1612 1376 1673 et

228 1713 391 1798 Zonaram,
418 1714 549 1779 forsitan
571 1734 636 1779 non
658 1716 703 1780 ita
724 1717 835 1799 magni
857 1718 1009 1780 momenti
1031 1735 1101 1783 esse
1124 1717 1299 1801 putaveris,
1320 1735 1380 1781 nec·

221 1824 364 1908 'profecto
387 1842 447 1908 ego
469 1825 498 1888 is
520 1844 606 1907 sum,
636 1825 692 1908 qui
713 1823 903 1889 Hannibalis
926 1844 1057 1908 nomen,
1088 1825 1116 1889 si
1139 1825 1224 1909 apud
1246 1823 1374 1889 invium

220 1933 302 2017 fuit,
333 1938 388 1997 aut
409 1954 428 1998 a
450 1932 554 1997 Di0ne
577 1938 631 1997 aut
653 1954 671 1998 a
693 1933 814 1998 Zonara
836 1953 892 2018 per
922 1953 1060 1998 errorem
1089 1934 1207 1998 mutari
1234 1933 1374 2017 potuisse

220 2050 360 2128 negem,
394 2044 536 2107 sednon
560 2044 690 2126 desunt,
720 2063 800 2129 quae
823 2044 902 2108 duas
924 2043 1089 2108 Messanae
1112 2044 1338 2127 occupationes
1358 2061 1375 2106 a

228 2152 542 2237 Carthaginiensibus
564 2153 661 2217 laetas
683 2171 752 2218 esse
775 2153 928 2219 suadeant
947 2161 982 2217 ut
996 2172 1188 2217 censeamus.
1235 2151 1374 2217 Diodoro

227 2266 305 2327 teste
328 2262 508 2327 Mamertini
540 2282 613 2327 cum
645 2263 819 2327 exercitum
849 2283 942 2327 suum
973 2263 1056 2346 apud
1079 2260 1181 2343 Mylas
1214 2261 1373 2327 devictum

226 2378 321 2457 atque
335 2371 426 2436 Cium
442 2373 662 2455 imperatorem
679 2374 816 2438 occisum
834 2391 902 2437 esse
916 2373 1149 2458 comperissent,
1165 2371 1374 2436 decreverunt

227 2481 353 2546 veniam
375 2481 525 2545 Hieronis
547 2482 715 2566 implorare
739 2482 913 2562 urbemque
937 2482 967 2545 ei
989 2481 1113 2545 tradere
1137 2479 1249 2560 (XXII
1274 2478 1372 2563 13,6:

227 2585 341 2673 ἔκριναν
373 2586 440 2672 μεθ’
474 2588 620 2674 ἱκετηρίας
651 2589 781 2653 ἀπαντᾶν
812 2590 854 2674 τῷ
884 2589 1000 2673 βασιλεῖ
1029 2637 1121 2668 ......
1147 2590 1182 2652 7:
1213 2585 1372 2672 μέλλοντας

227 2698 425 2782 παραδιδόναι
447 2695 500 2783 τὴν
523 2698 636 2783 πόλιν),
667 2700 752 2783 apud
774 2699 945 2781 Polybium
969 2702 1000 2762 et
1021 2698 1176 2762 Zonaram
1198 2696 1283 2761 nihil
1306 2698 1372 2762 eius

162 2824 166 2831 ·
227 2808 330 2889 modi,
365 2808 479 2873 deinde
494 2807 653 2872 Diodorus
676 2813 782 2872 narrat
801 2806 1013 2871 Hannibalem
1035 2826 1093 2871 sua
1114 2809 1226 2890 sponte
1248 2806 1372 2871 venisse

226 2922 258 2981 et
278 2918 474 3001 dissuasisse,
496 2937 536 2981 ne
560 2916 634 2982 urbs
656 2917 790 2981 Hieroni
813 2917 996 2999 traderetur,
1018 2913 1187 2996 Polybium
1217 2919 1251 2980 et
1271 2908 1393 2979 Zona-⁸

226 3046 293 3091 ram
327 3026 355 3091 si
389 3027 569 3111 sequimur,
604 3026 785 3091 Mamertini
818 3024 1129 3109 Carthaginiensium
1163 3023 1278 3088 ducem
1313 3022 1372 3108 ipsi

226 3137 466 3220 arcessiverunt,
495 3142 658 3221 praeterea
679 3136 764 3220 apud
785 3135 877 3199 illum
900 3136 1051 3213 salutem,
1082 3133 1122 3196 de
1145 3152 1208 3217 qua
1230 3133 1298 3197 iam
1320 3132 1372 3196 de

226 3252 443 3331 speraverant,
472 3251 751 3328 recuperaverunt,
780 3245 901 3310 Zonara
924 3249 1049 3309 auctore
1072 3241 1212 3327 graviter
1233 3241 1374 3306 tulerunt

226 3357 331 3440 copias
358 3356 538 3421 Poenorum
571 3357 604 3419 in
639 3375 711 3420 arce
742 3375 800 3419 sua
829 3355 1003 3420 collocatas.
1049 3356 1153 3439 Igitur
1174 3353 1372 3419 Diodoreum

225 3470 408 3550 excerptum
430 3464 532 3530 XXII
556 3466 612 3549 13,
643 3466 728 3550 quod
751 3470 882 3549 excepta
904 3465 1015 3529 ultima
1039 3464 1233 3548 paragrapho
1262 3461 1372 3547 procul

226 3571 324 3636 dubio
354 3576 532 3636 contextam
563 3572 610 3636 rei
640 3573 869 3656 expositionem
903 3571 1121 3655 complectitur
1150 3575 1182 3635 et
1202 3570 1373 3652 integram,

223 3680 358 3764 primam
382 3679 546 3744 Messanae
569 3680 808 3761 occupationem
831 3680 976 3758 tradidit,
1007 3681 1138 3744 alteram
1162 3677 1320 3761 Polybius
1343 3679 1374 3755 et

224 3789 371 3855 Zonaras.
405 3788 563 3853 Nimirum
588 3809 652 3853 una
668 3789 836 3854 difficultas
851 3793 1001 3871 remanet,
1024 3807 1128 3873 neque
1146 3786 1232 3852 enim
1249 3790 1373 3851 certum

225 3904 290 3983 est,
320 3899 446 3983 quando
475 3903 507 3962 et
529 3917 591 3982 quo
614 3899 707 3963 modo
731 3898 1007 3983 Carthaginienses
1039 3902 1109 3982 post
1137 3917 1164 3961 a.
1188 3897 1269 3980 270,
1300 3900 1375 3960 ante

224 4031 253 4074 a.
277 4009 340 4072 265
363 4027 404 4072 ex
428 4026 465 4072 ea
487 4009 689 4090 recesserint3
724 4008 780 4073 sed
803 4009 1048 4093 discrepantiae,
1080 4025 1159 4091 quas
1188 4005 1273 4070 inter
1294 4003 1374 4069 Dio-

225 4117 294 4180 dori
316 4120 348 4179 et
363 4114 490 4196 Polybii
505 4115 709 4201 Zonaraeque
725 4117 921 4182 narrationes
935 4114 1145 4198 intercedunt,
1168 4118 1233 4179 tam
1255 4131 1374 4199 graves

224 4229 306 4310 sunt,
328 4228 364 4289 ut
385 4224 510 4291 diversa
533 4246 586 4293 eos
607 4246 752 4294 narrasse
774 4227 853 4291 mihi
878 4225 1008 4308 quidem
1031 4224 1142 4311 negari
1171 4221 1258 4290 haud
1280 4240 1376 4309 posse

213 4334 378 4402 'Videam
462 4370 467 4402 ;
