2836 4838
701 242 743 308 35

133 415 356 499 Quamobrem
387 418 421 485 id
443 418 570 502 feeerit,
600 424 746 504 apparet:
776 419 918 503 respexit
937 416 977 483 ad
999 418 1118 483 bellum
1141 440 1168 483 a.
1195 418 1257 483 195
1267 419 1308 502 *)-
1406 510 1410 518 ὑ

137 552 158 596 a
184 530 370 595 Flaminino
400 533 432 594 et
453 528 597 593 Eumene
627 548 699 593 cum
723 527 847 592 Nabide
878 527 966 591 urbis
994 532 1129 609 tyranno
1151 533 1295 612 gestum3

140 640 293 705 Attalum
314 640 415 724 igitur
434 658 491 723 pro
515 639 659 704 Eumene
682 637 918 719 nominavit**).
965 636 1111 721 Denique
1139 656 1294 722 quaenam

142 749 223 815 urbs
256 750 291 812 in
322 748 498 831 exemplari
527 748 611 812 dieta
649 749 746 813 fuerit
783 768 855 812 cum
897 748 1091 829 nesciamus,
1130 747 1169 811 de
1201 746 1296 810 huius

146 857 279 922 fabulae
301 862 441 941 tempore
463 858 544 921 nihil
566 876 624 922 nos
646 857 803 942 expiscari
826 876 916 942 posse
939 857 1131 941 profitemur.

142 965 369 1048 Subsequatur

138 1134 457 1234 Bacchides,

139 1331 241 1395 quam
272 1331 314 1378 ex
337 1312 505 1378 Menandri
527 1311 774 1397 Disexapatonte
803 1332 983 1398 expressam
1014 1331 1082 1377 esse
1104 1311 1295 1379 Ritschelius

142 1423 292 1508 (Parerg.
325 1443 353 1507 p.
376 1424 441 1486 405
463 1426 542 1505 sqq.)
577 1424 810 1488 demonstravit
866 1423 1080 1488 Mnesilochus
1111 1424 1296 1489 adulescens

133 1532 352 1621 ¹Atheniensis
372 1531 501 1597 biennio
523 1539 597 1598 ante
612 1533 772 1617 Ephesum
787 1533 944 1615 profectus
961 1533 1079 1596 litteras
1101 1533 1141 1596 ad
1155 1532 1293 1597 sodalem

138 1640 356 1706 Pistoclerum
379 1641 474 1725 dedit,
497 1648 533 1707 ut
548 1643 682 1707 amicam
699 1643 914 1726 investigaret,
938 1661 1032 1724 quam
1049 1642 1141 1705 miles
1164 1642 1291 1725 quidam

139 1769 184 1816 ex
208 1748 305 1814 Samo
327 1750 469 1815 Elateam
492 1751 686 1816 abducturus
709 1757 799 1815 esset
846 1752 892 1814 Ac
915 1752 1052 1835 primum
1075 1751 1203 1834 quidem
1235 1771 1293 1817 suo

140 1859 216 1924 iure
239 1859 373 1923 miratus
395 1864 444 1924 est
463 1858 635 1944 Langenus
659 1859 770 1939 (Plaut.
794 1858 883 1923 Stud.
907 1880 937 1943 p.
962 1859 1045 1941 ill),
1069 1860 1153 1943 quod
1176 1859 1293 1924 Mnesi-

141 1968 257 2032 lochus
279 1968 447 2033 biennium
469 1988 488 2033 a
510 1971 611 2054 patria
633 1970 749 2033 afuisse
772 1969 921 2052 fingitur,
952 1969 1068 2052 quippe
1098 1987 1171 2031 eum
1193 1969 1292 2034 solius

138 2077 299 2163 pecuniae
329 2077 509 2162 exigendae
538 2097 634 2143 cansa
664 2098 683 2143 a
714 2083 800 2161 patre
830 2078 989 2162 Ephesum
1021 2079 1136 2141 missus
1167 2078 1209 2142 sit
1238 2080 1293 2159 (vs.

138 2188 206 2251 249
230 2186 287 2271 sq.)
332 2186 418 2264 Quid
442 2189 527 2273 quod
549 2208 650 2273 nuper
669 2189 870 2273 Anspachius
892 2190 926 2251 in
948 2187 1099 2253 Fleckeis.
1123 2208 1194 2251 ann.
1218 2189 1293 2272 phil.

138 2332 452 2346 ——-———

137 2401 233 2458 inesse
252 2402 462 2474 Ostermayerus
487 2402 533 2475 (de
552 2402 615 2458 hist.
642 2403 698 2458 fab.
719 2403 747 2456 in
773 2419 839 2457 com.
866 2402 905 2456 Pl.
926 2419 952 2470 p.
973 2403 1018 2471 62)
1041 2403 1139 2457 statuit
1165 2402 1292 2461 futilibus

137 2495 219 2552 nisus
239 2497 415 2565 argumentis.

233 2587 259 2660 *)
278 2592 311 2644 A.
333 2592 383 2644 195
409 2589 479 2658 dixi,
508 2606 672 2659 quamquam
698 2591 779 2643 alteri
805 2605 913 2657 quoque
939 2596 1037 2642 contra
1060 2589 1194 2645 Nabidem
1219 2592 1291 2647 bello

138 2699 164 2738 a.
185 2685 237 2736 192
251 2680 401 2738 Eumenem
420 2682 581 2738 interfuisse
600 2684 690 2738 edocti
710 2699 802 2737 sumus
824 2683 912 2737 titulis
932 2683 1107 2750 Pergamenis
1127 2682 1173 2754 (ef.
1190 2685 1292 2740 Fraeu·

137 2776 245 2845 helius,
271 2776 375 2832 Inschr.
392 2794 416 2831 1.
435 2778 515 2846 Perg.
535 2795 560 2832 n.
581 2779 689 2847 6213).
728 2778 829 2846 Sparta
855 2782 953 2831 neutra
978 2776 1006 2829 in
1030 2776 1204 2845 expeditione
1228 2796 1291 2835 vere

137 2876 300 2940 expugnata
318 2876 376 2938 est,
395 2886 419 2924 a.
440 2873 490 2925 195
510 2887 570 2924 eum
581 2871 750 2924 Flamininus
775 2870 896 2923 accensis
916 2869 1045 2924 extremis
1064 2870 1140 2924 urbis
1160 2871 1291 2927 aedificiis

137 2969 253 3018 coactus
282 2969 356 3018 esset
374 2962 520 3031 recedere,
548 2965 635 3018 Nabis
661 2981 756 3032 pacem
779 2964 951 3032 impetravit,
980 2979 1004 3017 a.
1026 2966 1075 3016 192
1096 2964 1290 3032 Philopoemen

136 3058 200 3112 sine
219 3054 303 3112 caede
322 3056 430 3111 videtur
448 3074 509 3112 eam
527 3059 661 3125 intrasse,
691 3065 721 3111 ut
740 3058 869 3126 colligere
898 3057 963 3111 lieet
982 3072 1016 3111 ex
1034 3057 1112 3110 livio
1132 3058 1233 3111 XXXV
1248 3063 1290 3126 37,

139 3156 154 3205 1
176 3166 246 3218 sqq;
275 3150 322 3219 qui
348 3167 408 3204 eum
436 3168 470 3206 ex
489 3152 603 3221 Polybio
630 3167 733 3204 summo
753 3149 973 3219 Philopoemenis
1000 3148 1144 3203 laudatore
1163 3150 1290 3219 pendeat,

135 3245 222 3298 huius
242 3258 286 3298 res
305 3244 430 3311 bellicas,
461 3245 485 3297 si
513 3261 583 3314 quae
611 3250 705 3313 gestae
734 3249 826 3297 essent
849 3244 877 3296 in
897 3242 1056 3310 occupanda
1076 3243 1289 3310 Lacedaemone,

135 3338 185 3393 vix
213 3336 322 3391 silentio
350 3339 538 3408 praeterisset.
576 3338 608 3392 ld
635 3339 721 3406 igitur
748 3337 816 3390 nihil
844 3336 934 3402 valet,
961 3351 1019 3388 rem
1047 3335 1156 3388 conficit
1185 3353 1209 3391 v.
1228 3340 1288 3404 524,

136 3447 220 3501 quem
239 3429 275 3486 ad
292 3447 435 3487 romanum
455 3438 564 3500 poetam
583 3430 690 3486 referre
709 3447 787 3485 nemo
807 3429 958 3495 dubitabit;
977 3445 1040 3481 nam
1059 3445 1083 3482 a.
1100 3431 1149 3482 192
1169 3429 1288 3483 immine·

134 3526 188 3580 bat
206 3524 308 3578 bellum
326 3540 388 3579 cum
405 3527 556 3594 Antiocho,
585 3542 609 3580 a.
631 3529 680 3580 195
700 3524 807 3578 Nabide
832 3523 938 3577 devicto
957 3523 1126 3576 Flamininus
1146 3523 1288 3577 Graeciam

134 3623 288 3689 pacaverat
306 3618 419 3686 eiusque
438 3635 482 3674 res
502 3619 691 3673 constituerat.
729 3617 811 3671 llaud
829 3616 926 3670 inutile
945 3622 1091 3684 praeterea
1109 3616 1162 3669 erit
1179 3633 1288 3671 monere

134 3711 172 3767 de
197 3712 287 3766 altero
318 3711 391 3766 hello
420 3712 466 3766 vix
492 3712 608 3781 eogitari
633 3727 715 3780 posse
739 3717 854 3780 propter
872 3709 1033 3763 Aetolorum
1059 3709 1154 3763 ducem
1173 3711 1288 3765 Nabidis

132 3803 344 3860 interfectorem
368 3811 396 3860 et
423 3807 505 3860 huius
524 3806 625 3860 milites
646 3804 764 3860 vindices
785 3805 866 3860 necis.
904 3804 994 3858 Aliter
1014 3805 1119 3857 censuit
1139 3805 1287 3858 Teuffelius

131 3896 225 3971 (Stud.
255 3897 311 3952 und
340 3899 538 3955 Charakterist.
567 3918 592 3968 p.
614 3902 677 3970 275)
703 3900 936 3953 Lacedaemonem
965 3914 988 3951 a.
1012 3901 1061 3951 189
1090 3903 1198 3966 captam
1226 3913 1287 3951 esse

130 3992 301 4061 1111111111
328 3993 363 4047 cf.
390 3994 571 4049 Fraenlxelius
598 3995 615 4048 l.
635 3995 652 4049 l.
672 4012 698 4063 p.
720 3997 762 4048 49.
800 3994 889 4061 igitur
908 3993 1045 4046 Poenulus
1067 3993 1196 4046 Plautina
1223 3996 1287 4045 acta

129 4091 176 4141 eat
194 4090 260 4155 post
278 4086 404 4156 primum,
424 4093 488 4141 ante
508 4089 625 4141 alterum
645 4105 704 4140 euru
725 4087 832 4141 Nabide
851 4087 960 4152 bellum,
980 4092 1048 4153 puta
1068 4101 1092 4138 a.
1115 4088 1172 4139 194,

222 4178 266 4251 “J
284 4178 410 4235 Eundem
428 4196 551 4236 errorem
570 4180 680 4235 admisit
696 4181 842 4235 Suetonius
862 4181 943 4251 (rhet.
965 4185 992 4234 et
1011 4196 1122 4248 gramm.
1143 4185 1167 4248 2,
1187 4197 1213 4248 p.
1236 4182 1287 4234 loo

125 4273 240 4346 Rem),
267 4289 329 4329 eum
353 4273 388 4329 de
415 4274 527 4330 Gratete
552 4276 642 4330 Attali
666 4276 739 4345 regis
763 4274 855 4344 legato
881 4274 990 4329 locutus
1017 4279 1066 4330 est.
1106 4276 1281 4332 Contrarium

123 4370 198 4430 fecit
216 4368 340 4426 Iustinus
359 4373 430 4439 27,3
450 4370 600 4426 Eumenem
626 4387 676 4440 pro
696 4372 792 4426 Attalo
812 4371 963 4427 nominans.
