2836 4838
766 277 822 344 70·

218 475 305 520 mare
328 456 493 540 Aegaeum
523 459 632 540 pacata
653 455 768 537 fuisse,
801 475 873 518 cum
896 448 1025 534 ’Orare'r‘
1053 451 1241 534 docebatur,
1275 454 1369 519 Athe-

220 567 349 629 nienses
372 586 444 629 cum
457 564 684 629 Macedonibus
707 564 790 627 bella
813 584 875 628 non
891 564 1028 647 gessisse
1052 563 1226 627 videamus.
1270 566 1369 649 Atque

222 674 261 738 de
284 673 439 739 Demetrii
459 674 604 738 Phalerei
618 674 814 737 Athenarum
838 674 987 756 praelecti
1010 672 1205 756 temporibus
1228 675 1368 757 cogitare

218 802 283 845 nen
306 783 415 846 sinunt
437 780 586 864 Σωτῆρες,
609 782 649 844 ad
672 800 808 864 quorum
827 781 1012 864 'exemplum
1037 778 1177 843 Libanus
1201 786 1233 845 et
1258 780 1369 846 Leoni·

219 891 274 955 das
305 896 340 955 ut
368 892 429 955 sibi
449 891 653 975 Argyrippus
676 891 831 976 supplicet
853 891 1029 975 postulant3
1060 891 1169 969 itaque
1192 890 1295 954 scribi
1318 910 1369 974 po·

218 1003 279 1065 tuit
307 1001 428 1084 fabula,
462 1021 502 1065 ex
535 1021 596 1084 quo
625 1000 806 1065 Demetrius
828 1000 1033 1077 Macedoniae
1065 1019 1202 1083 regnum
1235 1000 1369 1083 adeptus

219 1114 281 1189 est3
318 1128 454 1193 quocum
478 1114 658 1192 congruunt
681 1127 761 1192 quae
786 1108 824 1172 de
843 1107 1036 1172 Demaeneto
1050 1112 1090 1171 et
1112 1106 1234 1171 Libano
1260 1128 1280 1170 a
1304 1107 1369 1170 vul·

219 1219 289 1301 gari
312 1218 547 1282 comoediarum
572 1237 630 1280 usu
654 1218 716 1280 iam
741 1218 836 1280 nimis
859 1218 932 1280 trito
950 1216 1170 1280 recedentibus
1195 1237 1296 1300 supra
1318 1218 1370 1280 ad·

217 1328 411 1391 notavimus.
446 1326 524 1389 Cum
548 1330 652 1389 autem
677 1326 799 1389 nullum
823 1326 910 1389 aliud
926 1327 1142 1389 testimonium
1165 1327 1200 1388 in
1225 1345 1265 1389 ea
1288 1325 1370 1406 insit

218 1436 310 1519 plane
326 1435 452 1499 videtur
463 1435 693 1518 desperandum
708 1455 776 1499 esse
793 1435 831 1498 de
847 1436 917 1498 eius
932 1439 1032 1498 aetate
1048 1435 1164 1498 certius
1177 1434 1369 1498 definienda.

220 1541 438 1627 Subsequatur
460 1543 561 1627 igitur

219 1696 393 1789 Perea.

305 1852 354 1918 Dc
377 1855 436 1918 hac
458 1852 564 1917 fabula
587 1854 654 1936 egit
676 1853 939 1916 Wilamowitzius
961 1854 994 1916 in
1019 1852 1084 1916 ind.
1107 1851 1202 1915 schol.
1228 1851 1368 1936 Gotting.

221 1963 343 2040 1893l4
376 1984 404 2045 p.
430 1963 470 2025 13
494 1981 560 2044 sqq.
592 1965 624 2024 et
661 1980 772 2024 vereor
811 1981 849 2024 nc
880 1962 998 2025 rectius
1032 1980 1126 2043 quam
1170 1964 1266 2023 antea
1310 1979 1368 2043 ego

218 2073 363 2143 feceram.
407 2070 486 2134 Inde
518 2071 601 2133 enim
626 2089 773 2152 egressus
796 2089 898 2152 eram,
930 2070 1013 2153 quod
1043 2069 1076 2131 in
1101 2069 1194 2132 attico
1220 2069 1367 2153 exemplo

219 2179 395 2251 Saturionis
416 2178 482 2242 filia
505 2197 567 2241 non
592 2183 627 2241 ut
641 2179 766 2254 furtiva,
791 2199 901 2242 verum
924 2184 960 2242 ut
982 2178 1104 2262 captiva
1126 2179 1288 2262 proposita
1310 2178 1368 2242 fuit

219 2288 366 2369 lenoni*)
391 2307 491 2371 eaque
520 2305 554 2350 re
584 2286 673 2350 nisus
696 2291 865 2351 statueram
896 2287 977 2351 illud
1008 2306 1044 2350 eo
1074 2291 1215 2370 tempore
1238 2286 1366 2350 doctum

219 2418 303 2481 esse,
329 2418 390 2483 quo
413 2397 528 2462 Persae
550 2416 584 2460 re
607 2416 680 2461 vera
703 2401 810 2460 contra
835 2396 951 2460 Arabes
973 2395 1239 2480 belligeraverint.
1288 2395 1367 2459 Onm

219 2507 380 2590 igitur-dc
391 2507 560 2571 Persarum
584 2507 669 2587 regis
691 2526 763 2569 cum
787 2507 833 2569 eis
855 2505 948 2569 bellis
970 2505 1051 2568 nihil
1074 2505 1221 2587 solamne,
1245 2510 1367 2569 utnon

220 2634 411 2699 negaveram
442 2616 481 2679 de
511 2615 634 2678 mediae
664 2615 845 2679 comoediae
877 2616 1070 2699 temporibus
1101 2633 1191 2698 posse
1223 2614 1367 2697 cogitari,

218 2719 264 2782 ita
293 2720 391 2783 multo
414 2720 608 2802 probabilius
638 2722 716 2784 mihi
748 2722 851 2784 visum
882 2726 949 2785 erat
978 2726 1101 2804 poetam
1129 2720 1367 2803 expeditionem

219 2828 417 2911 significasse
447 2850 465 2892 a
488 2829 649 2893 Demetrio
672 2829 849 2894 Poliorceta
880 2851 906 2893 a.
932 2831 993 2893 312
1006 2830 1051 2911 **)
1084 2831 1238 2898 adversus
1262 2829 1367 2894 Naba·

219 2942 305 3003 taeos
324 2938 451 3008 ,sacam
497 2936 558 3001 Sed
582 2940 737 3002 incertum
762 2949 822 3022 est,
853 2944 957 3002 utrum
991 2940 1108 3003 bellum
1140 2958 1214 3003 vere
1239 2951 1367 3023 gestum

220 3044 348 3109 fabulae
378 3045 558 3109 adhibuerit
589 3066 627 3109 an
657 3047 841 3129 confictum,
872 3066 930 3110 nec
960 3049 1022 3110 iam
1054 3047 1164 3110 dubito
1198 3048 1276 3130 quin
1309 3049 1367 3112 hoc

221 3155 326 3216 facere
348 3155 491 3235 potuerit,
523 3145 706 3239 praesertim
730 3175 800 3218 curn
826 3156 933 3239 procul
957 3177 975 3218 a
999 3155 1131 3219 Graecia
1154 3176 1172 3218 a
1195 3154 1366 3220 Persarum

219 3281 293 3341 rege
316 3281 386 3325 cum
412 3263 526 3326 vicinis
549 3264 689 3328 barbaris
711 3270 836 3348 gestum
860 3284 928 3328 esse
944 3269 1083 3328 sumeret
1109 3264 1208 3348 idque
1231 3285 1269 3328 eo
1292 3285 1367 3330 con·

220 3369 300 3451 silio,
324 3375 358 3434 ut
373 3371 569 3455 deciperetur
584 3375 698 3438 stultus
720 3374 800 3438 leno.
834 3373 957 3437 Deinde
974 3373 1139 3437 offensioni
1155 3374 1235 3436 milri
1258 3374 1368 3457 fuerat,

221 3479 306 3562 quod
327 3499 390 3544 non
414 3486 478 3544 tam
501 3501 558 3546 rex
576 3503 671 3565 quam
686 3483 802 3547 Persae
817 3483 934 3546 bellare
958 3482 1115 3563 dicuntur,
1137 3500 1210 3544 cum
1226 3481 1367 3546 Graecus

308 3714 335 3785 *)
356 3715 396 3770 ef.
418 3717 597 3785 Epimctrum.

309 3809 351 3879 **)
371 3809 481 3865 Niesius
501 3828 526 3878 p.
547 3813 598 3865 299
619 3828 678 3865 cam
697 3828 721 3866 a.
742 3817 792 3866 311
813 3813 916 3867 factam
942 3828 1001 3866 esse
1021 3813 1134 3879 statuit,
1159 3812 1248 3867 minus
1268 3814 1367 3882 proba·

219 3902 313 3967 bilitor
333 3903 591 3973 quamDroysenus,
611 3906 664 3959 etsi
683 3912 758 3960 certo
772 3924 876 3975 nequeo
889 3914 996 3976 tempus
1011 3906 1131 3961 definire.
1161 3907 1366 3962 Seleucidarum

219 3994 327 4062 imperii
346 4000 423 4048 aetas
443 3997 639 4050 numerabatur
658 3999 818 4053 aKalcndis
832 4000 997 4054 Octobribus
1017 4000 1081 4054 anni
1100 4003 1152 4053 312
1172 3997 1219 4070 (cf.
1233 3998 1364 4066 Helorus,

221 4086 347 4140 Chronol.
368 4088 380 4139 l
398 4105 424 4155 p.
436 4090 515 4159 451);
540 4090 624 4158 igitur
644 4092 672 4145 ni
691 4091 775 4146 fallor
794 4099 859 4147 tunc
877 4093 967 4162 ipsum
984 4093 1113 4147 Seleucus
1132 4098 1223 4146 terras
1242 4107 1307 4146 suas
1326 4108 1365 4146 re·

221 4186 402 4248 superaverat
421 4181 557 4253 Nicanore
577 4184 697 4253 devicto,
731 4203 791 4239 cum
808 4187 964 4241 Demetrius
992 4186 1071 4254 signa
1089 4185 1182 4239 intulit
1208 4185 1363 4240 Nabataeis.

223 4272 371 4330 Nicanoris
390 4276 480 4330 nuntii
499 4278 666 4346 Antigonum
690 4279 862 4334 offenderunt
887 4280 916 4333 in
941 4279 1113 4334 meridionali
1131 4278 1281 4332 Phoenicia
1299 4294 1365 4332 com·

222 4371 397 4425 morantem...
