2836 4838
679 263 720 324 28

217 439 305 503 Haec
341 438 442 522 igitur
474 437 718 502 consideremus.
772 437 1042 521 Pyrgopolynices
1080 436 1115 500 in
1156 435 1283 502 Seleuci

130 550 216 633 regis
238 568 332 612 usum
354 549 588 612 mercennarios
611 548 776 628 conducit,
803 546 858 630 qui
882 565 1017 630 regnum
1040 546 1112 610 eius
1136 551 1283 611 tutentur

131 657 185 736 (vs.
212 656 251 719 75
275 674 336 738 00,
360 655 422 717 949
446 652 514 738 00).
560 653 728 718 Seleucum
750 653 930 718 Nicatorem
955 672 1023 717 esse
1054 654 1090 716 in
1114 654 1282 738 propatulo

130 769 191 846 est,
220 783 293 827 narn
325 764 364 828 de
386 763 559 827 serioribus
582 763 775 846 temporibus
798 767 960 846 propterea
991 762 1125 845 cogitari
1160 763 1282 846 nequit

131 875 215 955 quod
237 873 381 958 Ephesus
413 874 489 938 inde
512 874 551 937 ab
575 894 601 937 0.
624 875 687 936 258
710 874 803 956 regni
825 871 1078 936 Ptolemaeorum
1104 871 1185 936 urbs
1209 878 1283 955 erat,

131 985 161 1049 ei
198 988 304 1048 autem
335 981 475 1047 Seleucis
505 983 735 1062 Antiochisque
776 982 891 1045 rivales
924 986 955 1045 et
990 982 1115 1044 inimici
1155 1001 1283 1066 semper

130 1095 266 1158 fuerunt.
310 1090 396 1174 Ergo
427 1091 547 1154 Alazon
579 1095 648 1175 post
670 1112 695 1154 a.
721 1091 802 1168 300,
832 1095 904 1154 0010
927 1110 953 1154 0.
977 1091 1038 1154 281
1072 1091 1196 1174 0011010
1227 1097 1282 1156 est.

131 1202 256 1266 Deinde
277 1199 395 1284 Ephesi
419 1200 554 1263 latrones
577 1198 707 1264 Seleuco
731 1200 865 1263 conduci
888 1218 951 1262 non
976 1204 1155 1283 potuerunt,
1179 1201 1283 1266 donec

132 1311 207 1376 urbs
229 1312 262 1373 in
285 1308 442 1374 Demetrii
464 1313 615 1393 potestate
637 1314 718 1392 erat,
749 1311 816 1394 ipse
839 1328 971 1373 000100
998 1308 1116 1374 bellum
1138 1312 1282 1394 gerebat

131 1418 271 1502 Cogitari
293 1419 393 1500 igitur
414 1421 516 1501 potest
538 1417 577 1481 de
600 1438 625 1480 0,
649 1418 729 1500 299,
759 1434 821 1497 000
844 1416 1025 1481 Demetrius
1047 1437 1120 1481 curn
1145 1417 1282 1484 Seleuco

130 1529 256 1593 foedere
289 1532 320 1591 et
342 1526 492 1590 affinitate
515 1528 702 1591 coniunctus
725 1531 833 1590 contra
855 1527 1073 1590 Ptolemaeum
1106 1527 1146 1591 de
1170 1527 1283 1593 Coele·

132 1638 218 1718 syria
246 1611 277 1699 et
299 1635 469 1699 Phoenicia
492 1636 629 1699 certavit.
675 1634 873 1714 Quamquam
905 1635 980 1698 huic
1004 1635 1147 1718 opinioni
1171 1638 1281 1700 nescio

134 1765 173 1809 an
198 1766 225 1808 v.
250 1745 312 1807 950
336 1749 500 1828 repugnet,
523 1762 585 1825 000
608 1764 774 1808 monemur
797 1743 922 1808 Seleuci
944 1745 1035 1807 terris
1066 1743 1187 1808 bellum
1212 1746 1283 1810 illa-

134 1861 201 1919 tum
231 1873 300 1918 esse
332 1854 381 1918 vel
404 1855 587 1935 imminere;
622 1875 696 1918 nam
727 1855 840 1918 0299
873 1855 943 1917 0100
965 1855 1082 1918 milites
1113 1854 1282 1920 1000010

134 1963 250 2044 syriam
284 1962 346 2046 ipsi
375 1963 574 2046 irruperunt,
604 1982 666 2026 non
697 1982 731 2027 se
761 1963 976 2027 defenderunt.
1030 1962 1147 2027 Contra
1176 1970 1282 2030 celera

135 2071 215 2136 bene
238 2072 439 2134 conveniunt.
472 2069 564 2133 Miles
586 2071 678 2153 paulo
702 2076 774 2134 aute
790 2072 931 2134 Athenas
947 2071 1117 2134 advenerat
1140 2072 1282 2153 indeque

136 2179 333 2243 meretricem
362 2178 547 2260 abstulerat,
579 2197 655 2242 curn.
674 2176 828 2243 Demetrii
861 2178 976 2242 classes
1008 2179 1040 2241 in
1074 2180 1155 2242 mari
1179 2179 1282 2244 Phoe-

136 2286 220 2349 nicio
258 2289 360 2365 erant3
394 2284 567 2350 Pleusicles
601 2290 706 2350 autem
746 2305 881 2369 magnae
918 2287 965 2350 rei
1002 2287 1148 2370 publicae
1187 2308 1283 2352 causa

136 2394 334 2478 Naupactum
364 2393 499 2474 abierat,
529 2415 565 2458 ac
594 2395 729 2478 profecto
761 2394 909 2458 audimus
931 2416 957 2458 a.
982 2396 1044 2459 399
1071 2397 1284 2462 Athenienses

136 2524 209 2569 cum
240 2504 362 2566 Aetolis
387 2504 498 2567 foedus
529 2505 626 2568 inisse
660 2509 691 2568 et
710 2503 852 2568 Dlateam
882 2524 901 2566 a
924 2503 1098 2569 Cassandro
1121 2505 1283 2571 obsessam

136 2612 331 2691 liberasse*).
386 2610 474 2675 Haec
503 2610 602 2692 igitur
631 2616 775 2674 accurate
806 2611 889 2674 inter
919 2630 953 2674 se
982 2609 1192 2693 conveniunt,
1222 2613 1284 2676 0110

138 2717 253 2781 ducere
276 2717 402 2780 videtur
424 2736 451 2778 v.
476 2716 554 2797 950,
586 2717 641 2796 001
673 2721 708 2779 ut
728 2717 858 2781 10110000
888 2736 951 2780 000
982 2717 1074 2780 011011
1097 2717 1285 2799 pendendus

138 2827 183 2889 110
218 2825 341 2908 negligi
373 2825 492 2904 nequit.
546 2824 677 2888 Accedit
711 2826 806 2890 aliud.
850 2827 887 2889 In
922 2826 1081 2910 prooemio
1115 2825 1286 2893 docuimus

139 2952 284 3017 graecam
307 2932 447 2996 fabulam
470 2933 640 2996 Alazonem
664 2934 795 2998 inscribi
824 2955 885 2998 non
909 2937 1062 3018 potuisse,
1094 2936 1158 2998 nisi
1182 2938 1286 3002 virtus

139 3039 315 3110 ἀλαζονείας
338 3040 477 3104 militum
499 3041 636 3105 solorum
661 3043 785 3124 propria
806 3044 887 3106 10010
910 3046 1000 3126 00001,
1023 3042 1107 3106 unde
1130 3046 1287 3128 sequitur,

141 3154 175 3214 ut
210 3150 288 3212 haec
318 3167 451 3231 persona
479 3168 572 3232 saepe
610 3170 629 3212 a
659 3169 758 3213 novae
790 3151 970 3214 comoediae
1008 3152 1108 3233 poetis
1142 3151 1287 3217 adhibita

138 3258 234 3322 fuerit
254 3256 384 3339 fabulis,
416 3276 487 3319 curn
510 3256 622 3320 Militis
645 3258 826 3341 exemplum
849 3258 1044 3322 conderetur.
1089 3257 1287 3342 000100101ἰο

139 3367 251 3431 0010110
275 3384 344 3429 eam
367 3366 646 3449 complectentibus
668 3386 732 3430 non
756 3368 890 3431 multum
913 3367 1102 3450 proficimus,
1132 3370 1287 3447 quoniam

140 3475 217 3539 tales
240 3479 323 3538 certe
345 3475 410 3537 iam
433 3473 530 3537 altera
552 3473 670 3537 0000011
694 3475 797 3553 quarti
823 3475 939 3538 decade
963 3481 1050 3540 actae
1073 3482 1156 3560 sunt,
1186 3478 1288 3543 veluti

140 3583 305 3647 Menandri
338 3582 533 3646 Misumeuos
567 3583 875 3666 (setigerum),
907 3604 944 3647 ac
978 3604 1018 3648 ne
1047 3585 1123 3649 inde
1154 3588 1288 3666 quidem

140 3692 309 3772 quicquam
331 3694 433 3773 potest
454 3690 573 3773 colligi,
595 3691 679 3770 quod
694 3690 963 3775 Pyrgopolynices
981 3694 1066 3758 haud
1088 3714 1189 3777 pauca
1212 3716 1288 3762 cum

141 3899 278 3967 familiam
304 3898 530 3964 00110101001001
554 3917 604 3955 nec
628 3900 714 3955 latine
739 3900 888 3954 formatum
912 3907 940 3955 et
967 3906 1041 3956 certe
1067 3917 1084 3955 0
1107 3901 1207 3956 Plauto
1232 3918 1290 3959 non

141 3992 273 4060 scriptum
292 3997 342 4047 est.
374 3992 516 4048 Traditam
535 3993 620 4062 igitur
637 3993 782 4048 lectionem
801 3999 908 4049 mutare
927 4011 982 4048 nou
1001 3994 1096 4062 ausim,
1116 3995 1246 4063 quoniam
1265 3996 1292 4053 01

140 4083 175 4137 ad
194 4084 309 4139 alteram
327 4083 450 4141 fabulam
468 4087 633 4155 pertinebat,
653 4088 699 4142 ille
718 4086 801 4142 facile
820 4088 912 4156 potuit
932 4088 1056 4142 oblivisci
1074 4089 1222 4158 corrigere.

229 4175 254 4245 *)
274 4175 318 4230 Ad
335 4177 407 4232 huuc
420 4195 520 4233 aunum
539 4180 626 4233 solum
643 4180 791 4248 pertinere,
811 4196 881 4249 quae
894 4181 1069 4235 Pausaniasl
1081 4183 1124 4248 26,
1136 4183 1160 4249 3,
1180 4182 1289 4250 X18,7

140 4267 264 4336 tradidit,
283 4275 358 4327 recte
377 4271 532 4328 observarit
550 4272 708 4344 Droysenus
727 4272 762 4342 Il,
782 4275 849 4341 241,
879 4288 960 4342 quem
978 4277 1089 4329 secutus
1115 4278 1159 4330 est
1178 4274 1290 4334 Niesius

142 4378 171 4434 p.
191 4365 252 4420 957.
