2836 4838
705 280 729 343 8,

233 448 321 526 Quae
336 453 501 535 hucusque
519 451 758 534 disputavimus,
781 451 888 514 nescio
912 469 974 532 quo
990 451 1083 514 modo
1099 456 1165 515 toto
1182 453 1298 536 colore,

146 580 208 643 quo
229 560 335 625 Plauti
357 561 558 644 Terentiique
588 561 712 624 fabulae
736 560 883 623 inductae
916 565 1007 634 sunt,
1040 561 1296 644 comprobantur.

145 669 299 734 Videmus
332 671 418 734 cives
441 670 652 733 Athenienses
675 671 761 733 omni
785 671 940 732 maiorum
973 670 1088 732 virtute
1123 671 1294 736 destitutos

144 798 203 842 nec
230 780 263 842 in
293 779 476 863 republica
499 780 746 842 administranda
769 784 928 842 versantes
961 798 1019 843 nec
1042 778 1136 844 rebus
1159 783 1291 861 exteris,

144 907 226 970 quae
256 889 351 952 etiam
374 888 513 972 Philippi
537 887 730 971 temporibus
761 887 909 950 omnibus
939 907 1082 951 summae
1113 909 1209 953 curae
1242 889 1257 953 f
1280 927 1293 939 -

144 1007 247 1081 erant,
279 987 457 1077 studentes3
491 1000 631 1062 Athenae
666 1018 726 1061 non
768 1016 823 1060 eae
860 1002 951 1078 sunt,
983 1017 1063 1080 quae
1100 999 1185 1062 solae
1223 1001 1293 1064 fere

141 1126 250 1188 regem
272 1107 482 1172 Macedonum
506 1107 560 1170 diu
580 1106 812 1189 prohibuerant,
835 1124 875 1168 ne
892 1105 1024 1169 Graecia
1046 1108 1207 1189 potiretur,
1231 1128 1293 1172 nec

142 1236 206 1299 eae,
230 1236 311 1300 quae
334 1217 409 1280 olim
433 1216 641 1299 principatum
664 1217 747 1279 inter
768 1235 898 1298 graecas
921 1216 1065 1278 civitates
1085 1216 1294 1281 obtinuerant

142 1327 296 1409 cuiusque
319 1326 434 1388 classes
457 1325 528 1387 aliis
544 1324 724 1387 nationibus
738 1325 953 1386 auctoritatem
978 1343 1067 1386 suam
1085 1325 1292 1408 interponere

141 1435 250 1499 solitae
274 1440 370 1517 erant,
393 1434 448 1498 sed
472 1434 641 1497 laudantur
663 1434 879 1496 tautummodo
904 1437 938 1495 ut
960 1432 1051 1496 sedes
1067 1432 1231 1498 Musarum
1259 1442 1293 1500 et

141 1545 280 1608 nutrices
292 1543 450 1607 Graeciae.
486 1543 596 1606 Virtus
619 1542 752 1620 habetur
774 1561 835 1604 non
860 1540 1099 1624 rempublicam
1123 1547 1290 1621 potentem

142 1655 284 1733 reddere,
306 1672 416 1716 verum
441 1672 554 1735 agrum
578 1652 680 1715 colere
703 1655 797 1733 atque
821 1669 908 1712 suam
933 1669 998 1713 rem
1023 1670 1149 1733 augere,
1179 1652 1293 1735 itaque

140 1781 231 1826 senes
254 1762 449 1825 inducuntur
470 1765 610 1844 agrestes
632 1759 717 1842 parci
739 1759 864 1840 morosi,
888 1758 1105 1822 adulescentes
1122 1779 1196 1823 vero
1219 1760 1290 1825 fere

138 1891 201 1935 non
225 1869 371 1934 virilibus
392 1871 532 1953 ingeniis
554 1870 713 1950 insignes,
747 1885 856 1930 verum
893 1864 1039 1929 luxuriae
1063 1867 1292 1949 amoribusque

139 1980 238 2045 dediti
260 1985 354 2064 atque
377 1979 416 2042 ab
439 1979 535 2041 armis
557 1978 775 2058 abhorrentes,
806 1976 867 2038 nisi
890 1975 927 2037 ad
959 1994 1113 2037 summam
1144 1977 1288 2058 inopiam

139 2091 257 2153 redacti
280 2094 362 2153 sunt.
408 2088 514 2150 Altera
537 2105 577 2149 ex
600 2092 686 2167 parte
710 2104 747 2147 ea
770 2090 909 2166 tempora
932 2083 1136 2163 illustrantur,
1167 2084 1289 2166 quibus

139 2199 331 2263 clarissimae
355 2203 578 2278 aeternamque
600 2193 732 2276 gloriam
769 2192 955 2275 praebentes
984 2210 1035 2254 res
1064 2198 1171 2275 gestae
1194 2200 1290 2256 erant

139 2314 170 2372 et
200 2308 407 2392 gerebantur,
436 2326 493 2369 sua
527 2305 661 2388 quisque
694 2303 808 2364 virtute
840 2300 997 2364 confidere
1028 2300 1184 2382 discebat,
1215 2302 1312 2366 lausx

139 2419 252 2484 bellica
275 2417 391 2482 summi
414 2414 646 2481 aestimabatur.
682 2410 735 2475 Sic
759 2411 841 2494 quod
859 2410 1036 2473 Pseudolus
1059 2431 1085 2472 u.
1104 2412 1165 2472 590
1189 2410 1287 2474 dicit:

138 2528 189 2592 Eo
212 2547 282 2593 sam
302 2547 414 2608 penore
426 2531 564 2608 paulus:
587 2542 703 2603 magua
725 2541 772 2583 mc
784 2520 930 2600 faciliora
947 2519 1028 2581 dccet
1044 2519 1172 2598 efficere,
1197 2520 1289 2597 Qlcae
1331 2544 1335 2551 ’

132 2645 206 2718 post
235 2635 312 2700 mibi
343 2635 432 2699 clara
462 2642 490 2696 ct
520 2635 575 2697 dia
606 2632 728 2695 clueant
760 2629 809 2693 vel
830 2629 944 2692 Tranio
974 2628 1006 2689 in
1032 2627 1121 2690 Most.
1147 2647 1175 2688 r.
1202 2631 1286 2700 7752

137 2745 364 2811 Alexandrum
387 2743 546 2823 Magnum
569 2745 660 2820 alque
684 2737 884 2824 Agathoclem
907 2738 1000 2798 alarii
1022 2755 1188 2797 arcemanus
1208 2734 1286 2800 Duo

139 2876 190 2920 res
210 2854 360 2937 gessisse,
392 2851 469 2930 quid
492 2848 569 2910 iuthi
597 2849 649 2918 dot
679 2847 787 2925 tertio,
820 2845 881 2924 Qui
909 2844 1001 2907 solua
1022 2845 1108 2924 furio
1136 2845 1287 2923 facinora

137 2961 359 3029 inmortalia?
392 2961 461 3023 eius
489 2957 575 3020 modi
606 2973 698 3017 voces
725 2955 902 3035 aptissimas
932 2953 1003 3015 illas
1032 2954 1176 3035 quidem,
1207 2955 1233 3016 si
1266 2975 1286 3018 a

138 3074 270 3139 servolis
285 3068 536 3155 pronuntiantur,
559 3063 597 3127 ad
614 3061 833 3126 delectandum
859 3079 961 3142 neque
975 3081 1124 3123 romanus
1141 3082 1284 3144 unquam

136 3188 228 3268 poeta
249 3181 371 3264 fingere
394 3181 530 3261 poterat,
564 3192 637 3235 nam
670 3190 797 3254 prorsus
828 3168 998 3232 abhorrent
1028 3168 1284 3235 aRomanornm

136 3287 285 3373 ingenio,
317 3304 375 3347 nec
397 3281 488 3345 facile
510 3297 660 3363 graecus,
683 3276 807 3339 etiamsi
831 3273 1008 3336 Alexandri
1032 3275 1284 3358 Agathoclisque

137 3399 267 3461 nomina
289 3392 500 3478 neglegimus,
522 3392 595 3451 ante
617 3386 729 3449 horum
753 3389 900 3468 tempora.

223 3506 313 3569 Idem
336 3501 536 3566 statuendum
560 3503 607 3561 est
638 3497 677 3559 de
701 3494 854 3557 militibus
878 3493 1033 3577 gloriosis.
1079 3489 1140 3565 Qui
1174 3498 1208 3554 ut
1240 3512 1282 3558 ne

138 3615 282 3680 amedia
306 3611 435 3696 quidem
458 3607 621 3672 comoedia
652 3605 749 3668 alieni
779 3605 824 3667 ita
845 3601 1040 3665 celeberrimi
1064 3600 1192 3662 fuerunt
1215 3599 1283 3664 Me-

137 3724 251 3788 nandri
274 3726 374 3786 aetate
397 3724 428 3782 et
459 3717 497 3779 ab
521 3715 580 3778 hoc
607 3716 674 3797 ipso
698 3714 840 3777 omnium
864 3709 1003 3771 maxime
1026 3708 1196 3771 comoediis
1226 3710 1283 3772 ad-

135 3833 226 3897 hibiti
262 3836 343 3896 sunt.
400 3827 467 3890 Nec
500 3825 653 3887 miramur
690 3822 740 3885 his
774 3818 971 3904 potissimum
1002 3817 1203 3898 temporibus¹
1228 3836 1283 3881 eos

136 3945 310 4024 exstitisse,
341 3941 585 4002 consentaneum
621 3932 705 3995 enim
741 3936 788 3994 est
819 3925 995 3990 Alexandri
1024 3923 1134 4008 Magni
1175 3944 1281 3988 rerum

136 4051 288 4116 memoria
310 4048 362 4112 vel
385 4045 493 4130 paucis
516 4046 585 4126 post
607 4040 700 4105 annis
721 4039 863 4104 fabulose
886 4040 1048 4100 auctarum
1072 4033 1188 4096 milites
1211 4035 1282 4097 eius

136 4179 172 4226 eo
195 4159 362 4245 perductos
394 4172 479 4234 esse,
509 4156 544 4215 ut
573 4154 628 4214 aut
660 4168 740 4233 quae
776 4167 810 4212 re
841 4165 916 4210 vera
938 4143 1096 4227 praeclare
1118 4148 1284 4224 gesserant

135 4287 258 4351 semper
288 4267 456 4343 iactarent,
487 4277 579 4342 saepe
608 4259 641 4321 in
673 4259 776 4322 maius
805 4255 1009 4334 extollerent,
1040 4255 1095 4314 aut
1127 4269 1207 4333 quae
1242 4250 1282 4314 ab

137 4379 209 4445 aliis
232 4376 282 4442 vel
305 4395 324 4440 a
346 4373 473 4437 nemine
488 4389 628 4453 unquam
650 4369 731 4432 l'acta
745 4370 835 4431 erant
855 4363 918 4428 sibi
932 4361 1137 4424 vindicarent.
1171 4360 1282 4442 ltaque
