2836 4838
679 258 721 345 §8

130 432 185 499 ille
207 431 257 496 bis
280 431 405 513 erravit,
427 450 490 494 non
512 430 585 494 ideo
608 430 683 494 licet
704 431 736 493 in
762 431 945 495 universum
976 432 1016 496 de
1039 433 1111 498 eius
1132 435 1200 500 fide
1223 437 1277 501 du-

131 540 240 604 bitare
285 539 427 621 Accedit,
451 538 534 622 quod
559 557 595 601 eo
619 544 768 621 tempore,
792 538 1147 623 quellenaechmorum
1172 563 1278 608 exem-

131 650 219 734 plum
243 649 370 713 doctum
392 653 447 730 est,
470 648 579 732 optimi
602 652 712 731 poetae
734 649 798 711 iam
822 668 931 712 omnes
955 648 1019 713 fere
1038 653 1158 715 mortui
1184 659 1279 735 erant,

133 758 203 842 alii,
236 763 270 822 ut
299 758 459 839 Philemo,
488 758 579 841 gravi
618 762 778 821 senectute
808 757 1046 841 premebantur,
1077 759 1280 847 Posidippus,

133 887 228 952 quem
260 869 351 931 tertio
383 871 453 949 post
474 866 685 930 Menandrum
708 866 891 930 defunctum
923 887 1006 931 anno
1028 870 1153 934 fabulas
1186 872 1279 936 edere

132 977 271 1061 coepisse
287 975 401 1040 Suidas
424 980 534 1040 auctor
556 980 611 1056 est,
633 979 756 1059 praeter
778 994 888 1039 omnes
910 977 1004 1041 laude
1023 979 1145 1061 poetica
1162 979 1279 1044 floruit.

131 1086 273 1150 Vertisse
296 1084 509 1149 Romanorum
532 1089 639 1168 poetas
671 1084 740 1147 eius
762 1084 885 1148 fabulas
908 1085 1029 1150 (lollius
1053 1085 1084 1149 li
1109 1089 1278 1154 23‘docet.

132 1193 261 1276 Quodsi,
281 1199 316 1257 ut
329 1194 362 1257 in
380 1194 538 1277 prooemio
555 1193 769 1276 exposuimus,
792 1193 1068 1276 praestantissimis
1082 1195 1278 1262 Graecorum

131 1303 232 1391 poetis
263 1303 392 1366 comicis
415 1301 578 1366 Plautinas
601 1300 780 1364 comoedias
804 1302 964 1366 vindicare
993 1303 1040 1366 fas
1071 1310 1134 1386 est,
1165 1326 1186 1368 a
1211 1325 1280 1370 sen-

132 1413 231 1483 tentia
264 1416 370 1474 nostra
404 1415 435 1474 et
467 1414 592 1493 propter
626 1414 804 1493 temporum
836 1411 973 1475 rationes
1012 1413 1076 1475 veri
1111 1415 1215 1477 simili
1250 1422 1280 1479 ct

131 1520 290 1586 Athenaei
321 1519 499 1583 testimonio
532 1518 713 1583 confirmata
751 1538 814 1581 non
844 1524 916 1583 ante
947 1521 1148 1595 recedemus,
1183 1544 1278 1607 quarn

132 1629 313 1712 exemplum
336 1628 614 1692 Menaechmorum
645 1647 709 1690 non
738 1647 828 1711 posse
851 1627 1016 1712 Posidippi
1047 1648 1115 1694 esse
1146 1631 1278 1707 demon-

132 1743 264 1803 stratum
288 1738 354 1801 erit.

130 1847 223 1913 Hanc
245 1845 384 1924 fabulam
408 1847 546 1930 excipiat

134 2017 485 2113 Trinummo,

134 2195 226 2259 quam
250 2173 290 2237 ad
314 2173 494 2256 exemplum
507 2173 658 2238 Thesauri
671 2175 893 2240 Philemoneae
916 2175 1029 2238 factam
1052 2193 1121 2238 esse
1145 2176 1277 2260 prologo

132 2285 309 2348 edocemur.
355 2281 539 2347 Charmides
561 2303 659 2347 senex
690 2285 722 2347 in
747 2283 924 2348 Seleuciam
947 2285 1102 2368 profectus
1125 2290 1174 2349 est
1197 2305 1279 2350 mer·

133 2398 259 2457 caturae
289 2413 383 2457 causa
414 2398 445 2456 et
466 2412 612 2456 reversus
634 2392 736 2456 filium
760 2397 960 2476 corruptum,
991 2412 1057 2456 rem
1085 2394 1277 2460 familiarem

131 2522 297 2580 comesam,
322 2502 449 2566 domum
474 2503 685 2566 venundatam
709 2502 802 2566 videt.
846 2501 939 2566 Unde
962 2504 1121 2586 sequitur,
1156 2508 1191 2566 ut
1215 2525 1278 2588 quo

132 2617 271 2695 tempore
309 2610 452 2675 Philemo
490 2611 627 2675 fabulam
659 2613 784 2695 scripsit
816 2612 956 2674 Athenae
990 2616 1117 2694 pacatae
1149 2612 1277 2711 fuerint,

133 2716 225 2797 Syria
248 2715 329 2780 bello
360 2735 423 2778 non
447 2721 560 2779 vexata
590 2717 638 2781 sit.
683 2715 850 2781 Praeterea
873 2718 1001 2780 nomine
1022 2715 1188 2781 Seleuciae
1213 2738 1277 2782 non

133 2826 244 2891 urbem
275 2845 294 2888 a
322 2823 453 2889 Seleuco
475 2825 622 2889 Nicatore
645 2826 818 2907 conditam,
848 2845 958 2889 verum
989 2809 1105 2889 terram
1135 2825 1277 2910 aliquam

133 2932 248 2996 dictam
271 2949 339 2995 esse
362 2931 444 2994 inter
467 2950 575 2994 omnes
599 2936 720 2995 constat
740 2937 866 3015 propter
889 2952 916 2994 u.
941 2932 1022 2993 845:

218 3037 362 3103 Advocato
385 3059 423 3102 cac
446 3038 596 3118 Seleucia,
621 3039 821 3121 Macedonio,
848 3040 928 3104 Asia
952 3045 1044 3119 alque
1067 3037 1195 3102 Arabia

131 3154 225 3235 atque
249 3149 485 3213 concedendum
509 3154 556 3213 est
570 3148 718 3213 Plautum
741 3150 961 3214 subaudivisse
984 3146 1108 3214 terram.
1141 3147 1279 3214 Minime

131 3258 217 3323 idom
239 3262 360 3322 certum
384 3263 430 3321 est
453 3258 492 3322 de
513 3278 627 3342 graeco
649 3264 747 3342 poeta.
793 3256 896 3334 Quam
919 3259 1003 3322 enim
1028 3277 1136 3322 censes
1159 3263 1281 3323 terram

132 3368 218 3431 hunc
248 3368 456 3431 nominasse?
502 3368 552 3430 An
585 3364 773 3430 Seleu-alac?
820 3369 863 3431 At
895 3368 950 3431 vix
983 3367 1133 3432 credibile
1166 3373 1215 3433 est
1246 3370 1281 3433 id

132 3495 246 3547 nomen
278 3476 474 3560 provinciae,
505 3476 589 3559 quod
620 3476 710 3539 nobis
740 3476 866 3539 demum
901 3495 941 3540 ex
964 3476 1135 3540 Posidonio
1166 3481 1282 3542 notum

132 3591 194 3667 cst,
224 3584 360 3648 Athenis
382 3585 414 3645 in
439 3602 553 3646 scaena
575 3590 757 3667 usurpatum
782 3603 850 3647 esse
872 3584 966 3667 paulo
996 3589 1066 3669 post
1095 3584 1198 3668 ipsam
1227 3586 1280 3649 in-

132 3695 273 3758 stitutam
295 3693 498 3776 provinciam,
521 3712 579 3756 nec
602 3695 749 3757 convenit
772 3714 798 3756 v.
816 3695 888 3776 845,
912 3693 967 3757 ubi
990 3698 1093 3758 cetera
1111 3699 1282 3780 terrarum,

130 3823 194 3868 non
218 3803 425 3887 satrapiarum
457 3807 531 3865 sunt
553 3804 690 3866 nomina.
736 3800 879 3863 Σελευκία
909 3803 997 3868 nulla
1019 3822 1170 3886 umquam
1195 3809 1283 3870 terra

132 3914 295 3979 nominata
317 3915 373 3990 est,
396 3910 498 3993 potuit
520 3910 615 3994 dicia
633 3914 684 3972 τοῦ
700 3910 857 3991 Σελεύκου,
881 3913 948 3976 scil.
964 3911 1067 3996 χώρα;
1097 3912 1153 3976 sed
1169 3917 1281 3979 tamen

131 4022 211 4087 mihi
235 4019 364 4104 quidem
387 4021 486 4084 multo
509 4021 634 4085 videtur
656 4021 850 4105 probabilius
863 4020 1082 4086 Philemonem
1099 4018 1281 4087 Σελεύκειαν

132 4129 282 4216 oppidum
305 4128 345 4192 ad
368 4127 518 4193 Orontem
541 4131 636 4193 situm
659 4149 876 4214 nuncupasse,
909 4129 993 4212 quod
1016 4128 1091 4193 inde
1125 4132 1282 4214 aprimis

133 4234 201 4304 siris
225 4236 316 4300 annis
339 4243 448 4301 notum
480 4238 541 4300 fuit
563 4238 747 4322 emporium.
792 4236 925 4314 Quando
948 4238 1111 4302 conditum
1134 4239 1193 4312 sit,
1223 4260 1282 4304 ne·

134 4341 270 4424 acimum
304 4361 364 4427 ego
388 4343 535 4426 equidem
570 4362 634 4406 non
657 4343 784 4426 dubito,
815 4345 892 4426 quin
924 4343 1017 4428 paulo
1046 4347 1117 4428 post
1137 4364 1285 4430 pugnam
