2836 4838
688 267 731 333 48

55 507 58 512 .
134 461 176 511 ex
198 462 313 531 graeco
344 444 491 530 exemplo
515 463 699 529 expressum
731 442 801 511 ess'e
831 449 961 531 putant,
993 440 1100 511 tamen
1131 445 1288 511 connatis

134 556 242 641 opinio
263 556 374 621 multis
397 550 504 620 adhuc
531 555 577 619 ita
598 553 725 640 probari
747 555 889 637 videtur,
918 559 955 619 ut
983 555 1078 619 etiam
1102 550 1288 620 Schwabius

135 664 180 747 (in
200 662 345 730 Teuffelii
377 665 448 728 hist.
480 663 539 727 litt.
570 660 651 726 rdm.
678 662 726 728 ed.
749 661 777 726 V
801 684 828 747 p.
853 662 926 744 154)
950 662 996 726 sio
1026 661 1168 727 iudicet:
1203 660 1289 747 ,Fur

134 772 185 837 die
213 771 481 855 Adfussaapsaeit
521 773 587 852 (our
620 771 655 836 J.
689 771 839 853 539s215)
873 770 963 835 tieret
993 774 1025 851 2,
1043 773 1073 852 3,
1090 775 1133 834 60
1165 771 1288 855 einipen

133 879 270 945 Antan.
314 878 500 962 Jedeufulls
528 877 605 943 sind
626 877 679 943 die
701 877 909 942 Mertiicluncn
941 877 1026 943 cinos
1048 877 1104 943 der
1124 879 1290 960 frithestcu

133 988 244 1056 stuata
266 988 320 1053 das
343 986 509 1053 Plautus“.
554 986 643 1065 Quae
666 1007 739 1051 cum
761 989 807 1053 ila
828 988 900 1071 sint,
928 991 994 1053 tota
1016 990 1159 1084 quaestio
1186 990 1289 1056 denuo

138 1099 336 1165 instituenda
357 1103 413 1163 est
444 1099 447 1103 ’

218 1208 274 1272 Vs.
299 1208 363 1272 408
387 1227 454 1291 sqq.
477 1207 505 1270 si
527 1204 660 1269 Plautus
683 1206 723 1269 de
746 1225 803 1270 suo
835 1205 972 1289 addidit,
1005 1207 1185 1272 necessario
1215 1229 1288 1273 con-

135 1316 328 1382 cludendum
360 1320 408 1380 est
438 1314 660 1379 Menaechmus
694 1333 768 1379 eum
798 1312 917 1380 Romae
946 1319 1019 1378 ante
1048 1335 1074 1380 a.
1098 1316 1183 1399 215,
1227 1337 1287 1402 quo

136 1426 235 1490 Hiero
258 1431 403 1490 mortuus
426 1429 481 1507 est,
504 1424 657 1488 docuisse.
703 1422 873 1500 Quaeritur
894 1424 1004 1509 igitur,
1026 1444 1103 1488 num
1126 1426 1194 1490 iam
1218 1434 1288 1493 ante

134 1556 162 1600 a.
194 1535 259 1598 215
288 1533 412 1598 fabulas
445 1534 575 1598 dederit.
627 1534 734 1617 Atque
764 1533 798 1597 id
830 1534 939 1599 saltem
972 1535 1215 1600 concedendum
1245 1544 1289 1602 est

135 1645 331 1729 argumentis
369 1644 429 1707 hoo
457 1643 534 1708 satis
563 1643 687 1707 idoneis
722 1643 883 1707 neminem
915 1643 1019 1708 adhuc
1046 1644 1287 1712 demonstrasse.

135 1750 237 1815 Immo
259 1749 306 1813 sic
329 1751 390 1814 viri
406 1750 490 1814 docti
507 1749 751 1813 ratiocinantur:
775 1748 908 1813 Plautus
920 1769 990 1813 oum
1008 1768 1053 1813 ca.
1072 1769 1098 1813 a.
1114 1751 1179 1814 252
1197 1758 1289 1816 natus

135 1861 304 1939 autequam
336 1856 516 1921 comoedias
549 1856 658 1921 docuit
679 1856 817 1938 primum
839 1856 872 1918 in
896 1856 999 1939 operis
1022 1854 1179 1920 artificum
1203 1877 1288 1923 scae·

135 1966 278 2031 uicorum
289 1966 579 2049 quaestumfeoerit,
593 1966 708 2030 deinde
717 1969 911 2029 mercaturae
922 1965 1111 2048 incubuerit
1127 1972 1287 2050 postremo

135 2075 222 2139 omui
243 2075 379 2158 pecunia
401 2071 523 2157 perdita
545 2075 654 2158 pistori
678 2092 712 2137 se
736 2071 923 2155 locaverit*)
947 2078 978 2137 et
998 2074 1032 2137 iu
1049 2074 1183 2157 pistrina
1197 2075 1287 2140 Satu-

13 2233 16 2240 .
136 2185 257 2249 rionem
290 2187 322 2247 et
349 2182 523 2246 Addictum
552 2187 632 2247 teste
663 2181 806 2247 Varrone
837 2183 1063 2266 composuerit,
1099 2202 1165 2247 nou
1193 2185 1286 2250 facile

136 2293 239 2377 potuit
252 2293 359 2356 minus
378 2293 511 2376 triginta
532 2311 632 2356 annos
655 2296 756 2374 uatus,
778 2293 798 2356 i.
815 2310 841 2356 e.
864 2297 937 2356 ante
960 2313 986 2356 a.
1010 2294 1083 2373 222,
1107 2295 1287 2360 comoedias

138 2403 231 2468 edere
254 2400 304 2482 (cf.
327 2422 353 2466 e.
377 2423 401 2466 c.
417 2400 590 2467 Schauzius
612 2402 645 2465 iu
668 2402 738 2465 hist.
760 2403 818 2466 litt
841 2422 919 2467 rom.
944 2402 961 2484 ᾖ
985 2401 1045 2482 30).
1078 2401 1168 2467 Haec
1191 2424 1286 2487 quam

139 2511 237 2576 debili
266 2512 300 2574 in
331 2511 536 2575 fundamento
568 2510 774 2576 exaedificata
804 2512 882 2595 sint,
909 2520 979 2575 'non
1004 2512 1159 2594 estquod
1183 2514 1306 2579 osten?

138 2621 258 2686 damus.
303 2621 410 2705 Atque
441 2621 516 2686 iude
549 2641 676 2707 quoque
705 2640 782 2686 cave
812 2622 947 2685 nimium
979 2621 1166 2706 concludas,
1191 2624 1286 2708 ‘quod

138 2729 248 2795 Cicero
279 2730 377 2811 (Brut
412 2731 462 2812 18,
474 2731 528 2812 73)
560 2731 730 2795 memoriae
760 2730 900 2814 prodidit
928 2730 1077 2795 Plautum
1107 2750 1133 2794 a.
1167 2732 1232 2796 199
1254 2732 1287 2799 0.

137 2838 284 2923 Cornelio
308 2837 342 2914 Q.
366 2836 508 2902 Minucio
541 2858 618 2902 coss.
646 2839 711 2902 iam
733 2840 848 2902 multas
868 2838 991 2903 fabulas
1014 2838 1176 2918 docuisse;
1211 2860 1285 2905 nam

139 2967 212 3012 oum
233 2949 317 3011 inter
339 2947 423 3010 huuc
446 2965 565 3009 annum
588 2950 619 3010 et
642 2965 724 3028 eum,
748 2965 809 3030 quo
832 2951 924 3029 poeta
946 2951 1088 3012 mortuus
1111 2952 1168 3030 est,
1193 2949 1286 3033 quin·

139 3058 241 3123 decim
252 3057 407 3138 intersint,
430 3055 590 3120 Ciceronis
602 3061 707 3120 autem
719 3055 807 3120 locus
819 3074 1020 3141 nequaquam
1032 3056 1077 3120 ita
1088 3065 1288 3142 comparatus

140 3169 189 3249 sit,
214 3172 248 3231 ut
269 3167 419 3230 maiorem
444 3165 677 3230 comoediarum
701 3184 869 3229 numerum
898 3166 990 3229 tertio
1014 3185 1040 3229 a.
1064 3163 1136 3230 Chr.
1160 3170 1288 3233 saeculo

141 3297 236 3362 quam
266 3276 357 3340 alteri
386 3274 607 3340 ascribendum
632 3292 701 3338 esse
724 3274 856 3356 efficiat,
887 3292 950 3338 non
974 3274 1047 3338 licet
1070 3274 1150 3338 ultra
1172 3296 1200 3340 a
1224 3279 1289 3341 215

50 3450 52 3454 ,
139 3386 304 3472 progredi,
335 3385 398 3448 uisi
430 3384 620 3468 gravissima
649 3388 838 3467 argumenta
867 3383 1028 3447 accedunt.
1073 3384 1173 3468 Atqui
1203 3387 1291 3452 solus

57 3523 60 3527 ’
140 3495 417 3561 Menaechmorum
433 3493 521 3558 locus
538 3494 668 3577 proferri
684 3492 795 3577 potuit.
837 3492 943 3556 Aliam
956 3492 1056 3575 igitur
1068 3492 1292 3576 ingrediamur

96 3666 99 3670 .
142 3605 236 3670 viam.
268 3604 334 3669 Eae
357 3603 540 3667 comoediae
562 3603 746 3685 Plautinae,
780 3621 914 3687 quarum
936 3606 1077 3685 tempora
1098 3606 1154 3665 aut
1175 3604 1292 3670 tradita

141 3720 196 3781 aut
217 3719 302 3779 certo
325 3713 431 3796 aliquo
454 3711 546 3775 modo
569 3711 719 3795 indagata
752 3711 901 3792 suut**),
932 3715 1055 3774 tantum
1083 3729 1147 3774 non
1178 3731 1293 3780 omnes

68 3865 72 3873 ,
140 3825 181 3891 ad
203 3824 337 3889 alterum
359 3841 386 3886 a
409 3819 481 3884 Chr.
505 3821 667 3885 saeculum
690 3821 864 3904 pertinent,
895 3818 1030 3884 Militem
1054 3816 1236 3885 Gloriosum
1260 3828 1294 3888 et

144 4040 254 4050 -ι-η-
264 4039 332 4048 --υ-ι-
338 4037 453 4045 -------

229 4194 254 4264 *)
274 4196 315 4250 De
328 4194 370 4249 liis
387 4194 601 4249 narratiunculis
614 4194 696 4263 plane
710 4194 848 4249 assentior
857 4195 944 4249 Leoni
957 4195 1082 4266 (Hermes
1092 4194 1184 4249 XXIV
1195 4214 1222 4266 p.
1234 4198 1292 4269 78).

229 4288 271 4360 **)
290 4288 322 4343 In
341 4288 439 4378 quibua
458 4304 513 4377 pon
531 4304 578 4343 aas
598 4303 720 4374 numero,
740 4303 856 4356 quarum
874 4294 994 4344 aetatem
1011 4288 1100 4344 solum
1112 4288 1293 4362 Philippeum

144 4387 288 4456 argentum
305 4382 335 4437 in
353 4381 394 4439 eis
412 4387 651 4438 commemoratum
669 4379 783 4439 delinire
802 4381 868 4439 viris
886 4380 974 4439 doctis
992 4382 1080 4440 vuum
1097 4386 1149 4441 aaa
