2836 4838
615 276 656 342 55

244 452 385 533 &usqae
408 451 541 516 Italicas
563 452 667 516 omnir
677 453 704 534 *l

65 565 298 628 circumvectus
330 582 397 625 esse
427 564 542 642 fertur,
574 582 645 625 narn
675 567 746 645 post
766 582 792 625 a.
816 563 879 624 275
904 561 1026 642 Pyrrho
1058 580 1099 626 ex
1122 561 1213 626 Italia

64 692 194 756 egresso
227 691 336 735 omnes
366 675 467 734 terrae
498 670 639 734 maribus
676 671 798 734 vicinae
835 670 897 733 otio
936 669 1121 734 fruebantur
1153 689 1212 734 nec

63 783 129 845 nisi
158 783 191 844 in
216 781 294 844 mari
321 780 482 843 Adriatico
506 779 679 862 praedones
702 778 804 859 Illyrii
836 777 942 841 nautis
965 778 1089 842 molesti
1112 783 1210 842 erant.

62 891 215 974 Superest
237 889 345 973 igitur,
370 894 404 952 ut
426 907 476 952 res
498 887 795 971 Epidamniensium
819 887 1083 971 contemplemur;
1117 892 1212 971 atque

62 1001 117 1064 hic
148 1019 275 1084 quoque
299 998 468 1061 dicendum
501 1002 549 1061 est
578 1017 630 1074 ea,
660 1014 740 1076 quae
772 997 931 1060 veteribus
963 996 1002 1060 ab
1031 998 1212 1061 auctoribus

62 1109 178 1173 tradita
201 1112 292 1189 sunt,
324 1107 404 1169 nihil
427 1127 484 1169 nos
508 1107 627 1170 docere.
672 1105 734 1169 Sed
758 1105 896 1169 vicissim
928 1107 955 1169 si
978 1105 1119 1189 fabulae,
1149 1128 1213 1191 qua

63 1217 105 1280 de
127 1218 241 1300 agitur,
265 1217 417 1279 rationem
442 1215 603 1297 habemus,
625 1214 799 1296 symbolam
823 1215 914 1279 nobis
933 1215 1079 1279 videmur
1101 1214 1212 1279 afferre

63 1346 157 1411 posse
190 1326 228 1389 ad
252 1325 402 1388 historiae
433 1325 520 1388 illius
551 1325 699 1407 temporis
727 1324 879 1387 notitiam.
925 1325 963 1386 A.
987 1325 1047 1387 271
1073 1324 1211 1388 γ191270
1319 1406 1326 1412 ¹

63 1434 282 1518 Apolloniates
319 1452 391 1496 cum
428 1431 549 1515 legatos
581 1430 713 1495 Romam
756 1433 917 1496 mitterent
948 1431 1024 1514 (Liv.
1054 1433 1126 1517 epit.
1151 1432 1212 1516 15),

63 1544 224 1607 auxilium
265 1563 283 1605 a
319 1541 436 1625 populo
473 1539 616 1604 Romano
654 1534 803 1624 petivisse
845 1541 929 1604 inter
967 1560 1076 1606 omnes
1118 1542 1212 1605 hodie

63 1657 194 1717 constat.
233 1650 352 1714 Eodem
377 1649 461 1712 enim
486 1653 625 1732 tempore
641 1649 826 1713 Alexander
847 1649 963 1730 Pyrrhi
985 1649 1070 1713 filius
1094 1649 1213 1713 bellum

64 1782 137 1826 cum
161 1761 314 1824 Monunio
344 1758 476 1842 gerebat
506 1756 687 1839 Illyriorum
722 1777 815 1842 rege,
846 1759 902 1841 qui
925 1763 1089 1841 postquam
1113 1757 1212 1822 Gallis

64 1891 106 1936 ex
122 1870 255 1935 Graecia
277 1868 483 1932 redeuntibus
499 1868 632 1931 devictis
655 1887 729 1952 opes
751 1888 824 1932 suas
840 1869 1001 1950 ingentem
1025 1871 1060 1931 in
1082 1869 1212 1932 modum

65 1983 171 2063 auxit,
202 1980 323 2043 vicinas
345 1983 443 2042 terras
466 1977 608 2060 subegit,
639 1977 852 2061 Epidamnum
876 1979 1054 2060 occupavit,
1088 1977 1211 2058 Pyrrho

66 2091 163 2173 Argis
185 2089 288 2152 occiso
310 2087 402 2151 facile
426 2087 528 2168 potnit
551 2104 676 2169 sperare
699 2105 732 2149 se
746 2085 944 2169 Epirotarum
963 2104 1089 2169 quoque
1112 2105 1211 2170 regno

65 2215 135 2260 esse
158 2194 339 2278 potiturum.
378 2191 488 2268 Qualis
510 2191 598 2255 illius
621 2190 695 2254 belli
719 2193 825 2256 exitus
847 2193 950 2275 fuerit,
973 2192 1122 2255 traditum
1146 2211 1210 2255 non

65 2310 130 2368 est:
155 2302 373 2366 Alexandrum
397 2320 495 2384 regno
524 2320 582 2365 suo
614 2319 676 2363 non
698 2302 855 2384 privatum
879 2320 947 2364 esse
970 2301 1044 2364 inde
1067 2301 1211 2384 efficitur,

65 2409 151 2493 quod
175 2408 284 2492 paucis
306 2408 398 2470 annis
421 2412 490 2489 post
506 2407 704 2469 Acarnaniae
728 2411 814 2490 parte
836 2411 960 2489 arrepta
975 2407 1210 2489 expeditionem

63 2519 99 2582 in
130 2517 347 2580 Macedoniam
378 2516 460 2578 fecit
505 2514 702 2598 Epidamnus
735 2520 841 2578 autem
871 2520 954 2578 corto
984 2535 1011 2579 a.
1037 2517 1116 2595 230,
1146 2535 1209 2599 quo

63 2627 244 2690 societatem
268 2625 342 2688 iniit
364 2644 434 2687 cum
459 2625 573 2708 populo
597 2623 747 2706 Romano,
776 2624 875 2688 libera
897 2629 981 2704 erat,
1012 2625 1126 2688 licetne
1148 2629 1210 2688 sta·

64 2737 154 2795 tuere
185 2733 248 2794 ianr
281 2730 374 2814 paulo
405 2734 474 2812 post
505 2749 622 2792 annum
647 2731 710 2792 270
742 2730 904 2794 liberatam
943 2751 1011 2795 esse
1044 2732 1211 2794 conciliata

63 2843 149 2904 inter
172 2840 390 2903 Alexandrum
415 2844 446 2902 et
468 2839 658 2903 Monunium
682 2841 782 2922 pace?
828 2840 1013 2923 Droysenus
1044 2841 1083 2904 de
1116 2861 1153 2905 ea
1175 2860 1209 2905 re

63 2948 230 3029 dubitavit,
262 2948 317 3010 sed
341 2948 375 3009 ni
396 2946 488 3009 fallor
510 2946 788 3012 Menaechmorum
812 2950 957 3033 exemplo
982 2949 1209 3033 comprobatur.

43 3057 159 3137 ¹Modo
196 3056 405 3119 concedamus
436 3060 542 3138 poetas
576 3058 687 3121 atticos
720 3077 770 3121 res
812 3060 1045 3122 comoediarum
1080 3076 1209 3121 suarum

61 3186 187 3248 semper
210 3167 243 3236 in
266 3166 390 3248 graecis
414 3166 537 3248 oppidis
561 3168 711 3249 posuisse.
751 3165 803 3231 Sic
825 3167 950 3231 fabulae
973 3172 1111 3250 aguntur
1134 3167 1210 3250 Epi·

63 3276 166 3356 dauri,
189 3274 358 3354 Calydone,
390 3274 516 3357 Ephesi,
540 3275 691 3358 Sicyone,
722 3296 884 3360 nunqnam
907 3279 941 3340 in
965 3277 1097 3341 barbara
1120 3275 1207 3339 urbe.

64 3385 116 3447 An
140 3383 249 3446 credes
274 3382 374 3446 ullum
397 3389 520 3465 poetam
545 3390 608 3446 tam
631 3386 774 3468 ineptum
796 3387 904 3468 fuisse,
934 3392 969 3449 ut
990 3387 1145 3467 fabulam,
1173 3385 1207 3447 in

63 3512 126 3576 qua
149 3493 257 3575 graeci
280 3493 424 3554 homines
449 3493 632 3576 prodibant,
662 3512 775 3577 graece
805 3514 965 3559 sermones
993 3495 1210 3577 instituebant,
1278 3533 1281 3540 ·

60 3619 178 3685 graeco
202 3601 307 3664 omnia
332 3601 441 3664 habitu
464 3601 576 3665 induta
600 3601 733 3686 fuerant,
756 3623 783 3665 v.
807 3624 832 3667 c.
859 3603 1049 3688 Carthagine
1074 3605 1128 3689 agi
1150 3603 1208 3667 fin-

153 3810 179 3879 *)
197 3811 344 3880 Hispanos
369 3828 466 3880 nempe
492 3811 626 3867 aPlauto
652 3813 713 3881 ipso
740 3813 864 3867 additum
889 3819 938 3867 est.
977 3813 1211 3883 Syracusanorum

61 3903 330 3971 Tarentinorumque
356 3919 438 3958 naves
464 3909 522 3958 tum
544 3905 620 3959 ultra
638 3905 747 3959 Siciliae
773 3910 801 3959 et
825 3906 966 3960 Massiliae
992 3921 1055 3959 oras
1080 3905 1210 3972 navigare

60 3994 164 4048 vetitae
184 4000 279 4063 erant,
306 3994 440 4062 quomodo
466 4000 558 4049 autem
577 3996 817 4064 Carthaginienses
837 4013 897 4064 eos,
924 4013 991 4064 quos
1018 3997 1046 4049 in
1072 4013 1120 4050 suo
1140 3995 1210 4050 mari

60 4087 241 4155 offenderant,
269 4095 391 4141 tractare
410 4088 485 4142 soliti
504 4088 573 4155 sint,
600 4094 694 4142 notum
713 4096 756 4142 est
774 4106 808 4143 ex
826 4091 1011 4144 Eratosthene
1031 4088 1117 4158 (apud
1136 4089 1211 4143 Stra·
1233 4107 1238 4120 ¹

58 4183 159 4236 bonem
179 4185 247 4249 17,1
268 4199 294 4250 p.
316 4184 387 4252 802).
426 4182 541 4235 Demum
560 4197 584 4235 a.
605 4185 656 4235 241
677 4182 774 4236 alienis
793 4183 907 4237 navibus
927 4182 1089 4250 permissum
1108 4189 1158 4250 est,
1178 4188 1209 4236 ut

56 4277 88 4329 in
120 4274 283 4343 Hispaniam
312 4275 564 4329 transveherentur.
611 4275 768 4329 Plautinum
796 4275 1012 4330 additamentum
1046 4277 1209 4332 allitteratio

56 4381 170 4436 quoque
189 4373 332 4422 monstrat.

964 4467 1014 4532 4*
