2836 4838
683 281 727 346 44

8 479 11 483 ’
132 461 235 547 potuit
265 459 447 545 significare
478 457 542 524 nisi
572 458 689 523 milites
721 457 950 542 conducticios,
982 446 1174 544 quapropter
1201 444 1282 523 mihi

134 570 259 635 videtur
289 573 485 654 corruptum,
517 588 576 634 nec
605 574 711 633 tamen
742 568 830 633 valeo
860 568 1035 633 emendare.
1082 567 1281 635 Mercaturae

132 681 234 764 igitur
255 699 351 743 causa
372 678 570 764 Epignomus
595 683 626 743 et
647 677 886 762 Pamphilippus
909 678 1001 742 domo
1024 676 1180 742 abierunt
1220 678 1283 743 Sed

52 875 54 880 Ι
132 809 206 854 cum
228 789 288 854 hac
308 807 343 855 re
365 807 429 853 non
450 789 584 853 multum
609 787 818 872 proficiamus
848 787 910 850 alia
933 777 1170 852 consideremus
1193 789 1282 852 testi·

131 899 248 964 monia.

219 1010 326 1094 Atque
349 1007 572 1094 gravissimum
596 1008 714 1090 estid,
744 1025 806 1090 quo
835 1005 1034 1091 Epignomus
1055 1007 1233 1092 parasitum
1264 1029 1282 1074 a

117 1122 212 1184 'cena
234 1124 326 1184 arcet
371 1118 523 1203 Legimus
546 1137 589 1182 vs.
612 1118 677 1181 490
700 1137 764 1201 sq.:

304 1225 352 1292 At
373 1227 403 1291 ei
424 1232 563 1292 oratores
585 1231 662 1290 suat
676 1224 779 1308 popli,
801 1224 915 1289 enormi
936 1224 1009 1303 oiri,

310 1335 480 1401 Ambracio
501 1335 632 1400 veniunt
654 1334 713 1400 buc
735 1333 830 1417 iegati
844 1333 977 1414 publice.

133 1448 222 1512 Haec
250 1445 477 1531 spectatoribus
500 1444 745 1509 Atheniensibus
773 1445 885 1509 merito
918 1443 1039 1508 insulsa
1068 1445 1136 1509 visa
1167 1452 1284 1529 essent,

135 1557 197 1621 nisi
218 1575 252 1620 re
276 1575 358 1638 vera,
381 1574 453 1618 cum
469 1554 633 1638 Adelphoe
656 1554 835 1637 docebatur,
857 1554 974 1638 legatio
989 1553 1162 1619 Ambracia
1184 1556 1284 1621 missa

135 1669 218 1730 esset
239 1665 396 1747 Athenas,
425 1664 458 1727 id
482 1663 566 1748 quod
589 1664 645 1726 vix
667 1664 784 1727 iactum
807 1682 875 1728 esse
896 1664 1072 1747 putaveris,
1102 1664 1204 1729 denec
1227 1666 1283 1730 illa

136 1774 210 1838 urbs
245 1766 304 1838 sub
338 1772 547 1838 Macedonum
579 1776 732 1857 potestate
767 1777 840 1836 erat
897 1774 994 1858 Atqui
1032 1791 1073 1837 ex
1108 1772 1282 1838 Plutarcho

136 1883 257 1965 (Pyrrh.
281 1883 311 1963 6)
336 1883 454 1947 scimus
476 1880 693 1947 Alexandrum
717 1881 884 1946 Cassandri
906 1882 1007 1945 filium
1030 1903 1049 1946 a
1071 1883 1166 1947 fratre
1190 1886 1282 1949 Anti-

134 1999 221 2078 patro
245 1993 345 2078 patria
359 1993 527 2076 privatum,
549 1996 584 2056 ut
601 2011 735 2076 regnum
751 1991 956 2056 Macedoniae
971 1993 1135 2075 acciperet,
1157 1992 1281 2075 Pyrrho

134 2122 206 2168 oum
229 2103 307 2167 alias
329 2106 427 2165 terras
449 2106 518 2165 tum
540 2104 598 2162 τῶν
623 2099 786 2183 ἐπικτήτων
809 2099 906 2162 ἐθνῶν
930 2095 1131 2184 Ἀμβρακίαν,
1166 2097 1280 2186 Ἀκαρ-

135 2209 251 2289 νανίαν,
283 2203 484 2295 Ἀμφιλοχίαν
508 2210 706 2293 promisisse,
736 2209 820 2273 hrrnc
849 2210 895 2273 eis
925 2210 1030 2272 statim
1053 2210 1187 2292 potitum
1210 2229 1280 2275 esse

135 2327 175 2403 (a
198 2322 281 2404 295).
327 2319 525 2404 Quamquam
549 2324 655 2384 autem
686 2319 769 2383 idern
795 2318 997 2382 Ambraciam
1025 2315 1133 2382 sedem
1155 2320 1279 2404 regiam

135 2433 254 2496 creavit
283 2431 421 2514 indeque
451 2431 571 2514 legatos
593 2430 735 2493 Athenas
764 2431 889 2493 mittere
919 2429 1034 2512 potuit,
1064 2433 1170 2493 tamen
1205 2431 1281 2495 huic

135 2542 268 2626 tempori
290 2540 389 2605 Stichi
412 2541 574 2624 exemplar
597 2541 766 2624 quominus
787 2538 964 2603 tribuamus
991 2557 1064 2602 cum
1094 2539 1157 2603 alia
1179 2538 1280 2624 impe·

135 2651 228 2714 diunt
248 2655 315 2713 tum
339 2649 424 2733 quod
446 2649 544 2732 legati
566 2653 704 2712 oratores
726 2647 835 2732 populi
849 2652 1009 2711 vocantur.
1042 2645 1113 2722 Qua
1133 2666 1167 2711 re
1185 2649 1281 2713 Adel-

135 2760 213 2844 phos
244 2758 331 2842 prius
364 2759 510 2843 scriptam
543 2777 611 2822 esse
642 2762 779 2822 statuere
809 2757 961 2841 cogimur.
1013 2756 1120 2840 Atque
1152 2757 1281 2841 quando

135 2867 306 2932 Ambracia
328 2868 386 2932 sub
403 2867 611 2932 Macedonum
628 2867 784 2930 dicionem
803 2866 933 2947 venerit,
955 2884 1113 2948 nusquam
1128 2866 1281 2931 traditum

136 2983 190 3043 est.
235 2978 273 3040 A.
298 2977 360 3040 317
392 2977 525 3041 liberam
558 2976 655 3040 fuisse
689 2975 810 3059 equites
841 2974 1079 3038 Ambracienses
1112 2993 1176 3038 una
1207 2994 1281 3039 cum

137 3086 335 3171 Olympiadis
351 3085 449 3169 copiis
472 3091 580 3150 contra
596 3085 806 3149 Cassandrum
822 3087 1000 3168 pugnantes
1016 3081 1120 3164 (Diod.
1131 3083 1217 3148 XIX
1227 3086 1282 3167 35)

137 3195 302 3277 evincunt,
332 3214 414 3258 anno
437 3195 625 3279 insequente
656 3195 708 3257 hic
730 3192 863 3277 Epirum
892 3193 1018 3256 foedere
1047 3191 1109 3255 sibi
1131 3193 1284 3258 adiunxit

137 3310 168 3368 et
198 3303 365 3385 Lyciscum
396 3301 576 3388 ἐπιμελητὴν
607 3303 670 3386 ἅμα
707 3299 756 3364 καὶ
788 3300 950 3385 στρατηγόν
991 3319 1028 3365 eo
1057 3301 1145 3364 misit
1176 3300 1283 3382 (Diod.

135 3412 219 3479 XIX
243 3413 304 3492 36).
360 3412 503 3477 Fortasse
536 3413 637 3497 igitur
673 3412 736 3475 iam
772 3415 839 3473 tum
871 3409 1043 3473 Ambracia
1074 3408 1284 3476 Macedoniae

137 3523 212 3587 urbs
243 3523 325 3587 facta
356 3526 420 3602 est,
455 3539 572 3604 magna
603 3538 678 3583 vero
710 3538 782 3582 cum
811 3517 1031 3602 probabilitate
1063 3517 1095 3580 id
1125 3516 1285 3584 affirmare

137 3646 304 3712 possumus
328 3628 367 3692 de
390 3648 416 3691 a.
434 3625 505 3688 312.
539 3624 620 3688 Nam
644 3625 700 3688 ubi
723 3626 860 3710 primum
873 3624 997 3688 Alcetas
1019 3644 1155 3708 regnum
1170 3623 1286 3709 lipiro·

136 3738 238 3797 tarum
270 3732 421 3816 obtinuit,
453 3732 603 3814 Lyciscus
633 3735 832 3798 Acarnaniae
861 3734 1036 3818 praefectus
1066 3735 1175 3796 contra
1206 3751 1285 3797 eum

136 3862 223 3906 arma
244 3843 344 3906 movit
365 3847 397 3906 et
418 3842 528 3906 castris
556 3843 640 3925 apud
663 3842 842 3927 Oasscpiam
864 3842 970 3924 iactis,
1001 3860 1074 3905 cum
1096 3840 1286 3907 Alexander

137 3956 168 4016 et
189 3950 328 4015 Teucrus
349 3949 409 4013 filii
433 3951 521 4014 illius
543 3952 649 4035 copias
671 3956 829 4036 cogerent,
850 3951 954 4033 ipsum
977 3948 1159 4033 profligavit
1177 3945 1284 4028 (Diod.

136 4053 218 4119 XlX
242 4054 307 4136 88).
344 4053 499 4130 Quoniam
523 4056 624 4139 igitur
647 4056 729 4120 ultra
744 4055 945 4119 Ambraciam
968 4058 1172 4137 processerat,
1194 4058 1285 4119 ante-

138 4183 231 4247 quam
256 4182 329 4226 cum
352 4163 495 4228 hostibus
517 4183 631 4227 manus
654 4164 821 4245 conseruit,
847 4164 925 4227 mihi
949 4163 1078 4247 quidem
1102 4163 1157 4226 viri
1180 4163 1285 4228 credi-

137 4271 201 4335 bile
224 4271 350 4337 videtur
381 4291 456 4337 eum
478 4273 560 4337 hanc
583 4272 693 4338 urbem
716 4272 797 4339 bene
819 4272 994 4353 munitam,
1024 4271 1147 4336 sicum
1170 4270 1285 4337 Alceta

138 4378 273 4467 iecisset,
301 4380 336 4445 in
359 4381 474 4448 itinere
495 4380 737 4467 praeteriturum
760 4378 876 4464 fuisse,
908 4378 1090 4467 praesertim
1113 4398 1186 4445 cum
1207 4378 1285 4447 inde
