2836 4838
681 276 725 341 40

130 470 205 538 pore
221 451 383 537 oppressit,
405 450 462 514 vix
477 455 513 515 ut
526 449 557 515 ei
572 469 651 533 opus
664 450 760 515 fuerit
774 449 873 534 copiis
885 449 1125 515 Athenienium.
1167 445 1279 514 Contra

130 582 157 626 a.
180 563 243 625 290
265 559 391 626 Thebae
414 565 497 625 certe
520 558 696 644 complures
719 579 844 624 menses
867 559 1102 643 obsidebantur,
1126 557 1281 624 Demetrii
1326 608 1328 617 .

132 674 238 734 autem
271 670 430 734 exercitus
461 668 579 733 relictis
609 668 642 730 in
665 667 824 732 Thessalia
856 672 964 733 contra
986 669 1152 750 Pyrrhum
1176 668 1282 732 decem

132 777 262 841 milibus
293 779 434 862 peditum
469 781 500 841 et
528 776 615 839 mille
647 777 809 860 equitibus
840 777 931 859 (Plut
955 776 1094 843 Demetr.
1117 778 1177 859 40)
1209 777 1283 841 adeo

133 892 200 952 erat
222 887 419 969 debilitatus,
453 890 573 951 utnon
595 886 688 949 facile
711 886 855 951 sufficere
878 890 983 971 posset
1004 886 1042 950 ad
1066 885 1284 950 devincendos

92 1050 93 1054 ,
132 995 304 1059 Thebanos.
338 995 505 1059 Praeterea
528 995 555 1058 si
571 995 820 1059 consideraveris
843 996 959 1059 multos
982 995 1099 1060 milites
1121 994 1285 1078 perpetuis

133 1106 304 1189 impetibus
326 1109 434 1169 contra
456 1103 567 1167 urbem
588 1104 679 1167 factis
702 1105 906 1189 interemptos
928 1123 996 1169 esse
1018 1104 1112 1186 (Plut
1135 1105 1158 1168 1.
1183 1103 1230 1188 l.),
1251 1122 1285 1167 eo

133 1214 328 1298 probabilius
351 1214 460 1278 credes
489 1232 598 1297 regem
631 1217 665 1276 ut
687 1213 863 1277 exercitum
894 1233 987 1277 suum
1017 1211 1166 1277 reficeret
1188 1212 1285 1277 Athe·

131 1324 262 1388 nienses
294 1323 415 1387 auxilia
444 1323 631 1406 poposcisse.
696 1322 816 1386 Verum
847 1323 933 1387 enim
965 1341 1039 1386 vero
1068 1323 1155 1386 hane
1191 1342 1285 1406 oppu-

135 1433 319 1517 gnationem
341 1432 375 1494 in
392 1432 525 1514 Epidico
549 1432 759 1516 significatam
784 1451 852 1496 esse
874 1432 1016 1497 refellere
1039 1431 1179 1516 videtur,
1204 1431 1285 1516 quod

135 1540 317 1606 Demetrius
340 1541 420 1605 urbe
442 1546 531 1625 capta
554 1546 617 1605 tam
640 1542 754 1606 leniter
779 1542 915 1607 Boeotos
939 1543 1023 1607 ultus
1046 1561 1115 1608 esse
1138 1542 1285 1624 traditur,

129 1657 172 1716 ut
194 1652 363 1716 Plutarcho
387 1656 465 1716 teste
489 1652 638 1738 tredecim
664 1652 747 1716 viros
770 1657 878 1735 morte,
905 1652 984 1716 alios
1007 1651 1164 1736 quosdam
1189 1652 1284 1727 exilio

135 1761 278 1844 puniret,
311 1759 486 1825 Diodorum
509 1760 604 1842 (XXI
628 1762 679 1841 14)
710 1761 738 1824 si
766 1762 946 1845 sequimur,
976 1760 1141 1825 Thebanos
1167 1762 1285 1846 decem,

128 1885 177 1930 ,ex
200 1867 311 1930 ceteris
333 1866 462 1931 Boeotis
486 1867 737 1951 quattuordecim
757 1865 893 1930 interfici
923 1865 1062 1946 iuberet3
1095 1865 1135 1953 de
1168 1867 1284 1952 praeda

129 1979 168 2039 ‚et
198 1975 331 2059 captivis
364 1975 445 2038 nihil
481 1976 647 2057 audimus,
682 1975 797 2039 diserte
832 1975 871 2039 de
904 1975 1007 2059 priore
1043 1978 1283 2060 expugnatione

136 2082 325 2148 Plutarchus
339 2082 489 2165 (Demetr.
506 2084 559 2164 39)
575 2083 720 2146 tradidit:
741 2075 781 2145 ‘0
806 2079 839 2144 δὲ
855 2083 931 2162 (scil.
944 2081 1138 2164 Demetrius)
1154 2134 1161 2149 .
1177 2136 1184 2151 .
1200 2135 1206 2150 .
1220 2080 1284 2151 ,καὶ

93 2261 96 2267 ,
137 2188 321 2274 πραξάμενος
344 2187 441 2254 πολλὰ
458 2191 599 2274 χρήματα
712 2187 810 2260 ἔδοξεν
833 2189 892 2253 κτὲ.
938 2189 1025 2267 Quae
1048 2212 1123 2256 cum
1145 2192 1192 2258 ita
1215 2194 1284 2278 sint,

136 2302 236 2366 fateor
258 2321 309 2365 me
332 2302 486 2366 haesitare
509 2300 707 2365 obsidionem
739 2301 814 2363 anni
838 2301 901 2363 293
932 2320 972 2363 an
996 2301 1059 2364 290
1091 2301 1126 2363 in
1150 2301 1283 2387 Epidico

128 2411 377 2485 ,commemorari
400 2429 554 2474 censeam.
591 2409 683 2473 Hanc
706 2409 854 2492 praetulit
864 2408 1127 2474 Wilamowitaius
1151 2410 1200 2491 (in
1222 2413 1283 2476 ind.

136 2523 232 2586 schol.
256 2522 396 2606 Gotting.
422 2521 544 2595 1893s4
568 2540 596 2603 p.
614 2517 686 2602 14),
717 2520 793 2603 quia
815 2520 931 2603 optime
955 2521 985 2584 ei
1008 2521 1179 2585 conveniat
1201 2527 1284 2587 aetas

137 2629 274 2714 virginis
296 2650 322 2693 a.
347 2630 409 2692 303
433 2649 452 2692 a
473 2628 651 2711 Periphane
674 2626 827 2691 Demetrii
850 2626 971 2692 latrone
993 2633 1183 2712 procreatae.
1225 2629 1285 2695 Sed

137 2737 171 2802 id
193 2743 416 2824 argumentum
439 2739 495 2800 vix
517 2736 681 2818 satisfacit,
715 2755 818 2819 neque
851 2736 936 2799 enim
959 2737 1093 2818 scimus,
1125 2757 1227 2821 quam
1248 2737 1285 2802 ob

128 2866 207 2919 rem
229 2850 296 2911 tum
308 2846 461 2930 Epidauri
483 2847 588 2927 fuerit,
612 2864 670 2908 nec
693 2843 831 2928 prolecto
847 2844 984 2908 sciamus
1007 2849 1135 2929 oportet.
1171 2845 1285 2912 Nescio

140 2976 181 3021 an
206 2975 268 3019 non
292 2955 424 3019 militiae
448 2974 552 3038 causa,
575 2974 649 3019 nam
672 2954 857 3018 adulescens
879 2958 979 3035 certe,
1013 2958 1048 3018 ut
1068 2954 1286 3040 colligendum

140 3071 250 3132 estex
273 3085 317 3129 vs.
344 3066 408 3128 449
432 3085 516 3150 sqq.,
547 3065 638 3150 plane
668 3064 811 3128 eiusdem
844 3064 971 3147 generis
1005 3063 1097 3128 miles
1126 3065 1287 3149 gloriosus

137 3176 199 3239 fuit
220 3178 315 3258 atque
339 3175 448 3259 quales
470 3175 536 3239 fere
559 3175 731 3239 comoediis
753 3173 984 3238 adhibebantur
1007 3173 1175 3258 qualisque
1207 3176 1287 3240 civis

139 3283 345 3349 Atheniensis
367 3287 461 3348 notus
484 3289 532 3349 est
554 3303 595 3348 ex
618 3284 758 3347 Lucieno
782 3280 868 3367 (dial.
892 3287 1014 3347 meretr.
1040 3283 1070 3363 9)
1097 3279 1249 3368 Πολέμων
1272 3284 1287 3345 ὁ

140 3389 285 3478 Στειριεὺς
303 3391 499 3464 Πανδιονίδος
522 3395 618 3478 φυλῆς
642 3395 761 3477 etipse
784 3393 938 3472 eleusim,
970 3392 1048 3456 tales
1071 3411 1145 3456 vero
1169 3411 1288 3459 uxores

140 3500 255 3566 ducere
279 3522 342 3566 non
359 3503 470 3578 solent,
492 3507 660 3587 antequam
685 3502 841 3565 amilitiis
856 3503 1062 3565 recesserunt.
1097 3500 1288 3586 Periphanis

138 3611 224 3675 filins
246 3613 309 3676 iam
331 3614 399 3696 ipse
422 3613 578 3696 stipendia
600 3613 681 3675 facit.
726 3611 813 3696 Ergo
835 3611 912 3674 mihi
936 3610 1065 3694 quidem
1099 3629 1151 3675 res
1174 3611 1286 3677 etiam·

140 3739 217 3784 num
240 3727 287 3785 est
307 3722 436 3786 incerta.

226 3831 325 3896 Porro
341 3833 574 3915 quaerentibus,
597 3830 723 3915 quando
742 3830 848 3895 fabula
870 3835 939 3894 acta
961 3831 1010 3913 sit,
1032 3849 1094 3894 non
1117 3831 1194 3895 licet
1214 3852 1288 3916 pro·

124 3941 232 4026 ,gredi
255 3942 336 4006 ultra
359 3962 384 4005 a.
409 3943 491 4024 287,
511 3961 583 4025 ¹quo
607 3941 763 4024 praesidio
786 3940 989 4004 macedonico
1012 3958 1052 4002 ex
1076 3939 1187 4004 Museo
1211 3942 1288 4005 colli

141 4052 240 4115 eiecto
275 4049 456 4114 Demetrius
488 4049 738 4115 Atheniensibus
771 4069 881 4114 rursus
924 4049 1017 4133 signa
1056 4048 1179 4129 intulit3
1217 4051 1288 4114 veri

140 4161 244 4225 simile
280 4165 385 4225 autem
422 4159 501 4225 mihi
541 4160 666 4225 videtur
706 4179 776 4224 eam
822 4163 877 4223 aut
909 4178 938 4222 a.
968 4159 1031 4221 292
1070 4161 1125 4222 aut
1161 4175 1189 4221 a.
1221 4158 1287 4224 289

140 4269 264 4336 doctam
286 4288 363 4337 esse
