2836 4838
681 251 723 316 ee

130 413 238 495 xeritP
283 428 483 512 Quamquam
516 433 620 491 autem
652 427 822 511 Epidamni
852 422 981 509 'quidem
1017 418 1138 491 Graeci
1168 415 1282 493 1110010-

130 538 215 621 bant,
238 544 343 603 tamen
367 537 547 600 inauditum
578 537 656 599 mihi
689 537 814 600 videtur
834 540 943 619 poetas
966 537 1079 600 atticos
1113 537 1177 600 hoo
1200 538 1282 621 oppi-

132 648 209 711 dum
232 646 403 711 oomoediis
426 647 493 710 suis
515 645 707 725 adhibuisse,
730 645 830 708 donea
851 644 1036 727 Illyriorum
1059 647 1169 726 copiis
1200 651 1282 711 tene·

131 763 225 821 retur.
277 755 425 820 Hostium
459 774 533 818 vero
565 754 769 817 barbarorum
801 755 834 816 in
872 753 1089 818 Menaechmis
1124 774 1187 819 neo
1217 754 1283 820 vola

132 884 190 929 neo
214 865 384 948 vestigium
407 869 549 948 apparet3
582 865 680 926 immo
702 882 779 946 paoe
793 864 950 927 fruentem
975 863 1087 928 urbem
1106 870 1285 930 monstrant

131 979 163 1038 et
192 974 276 1057 quod
298 973 421 1036 incolae
443 972 618 1050 voluptarii
641 976 733 1051 utque
755 977 918 1051 potator-ea
951 973 1093 1035 1111111111
1130 980 1284 1039 vocantur

133 1085 172 1162 (v.
198 1083 272 1161 259)
297 1087 328 1145 et
350 1082 434 1165 quod
458 1080 590 1144 maritus
613 1081 810 1144 meretricem
834 1085 918 1144 amat
940 1085 972 1143 et
995 1080 1081 1163 quod
1105 1087 1234 1163 scorta,
1258 1083 1283 1146 si

132 1190 205 1274 quis
235 1189 422 1273 peregrinus
454 1190 488 1250 in
518 1193 642 1271 portum
672 1188 854 1264 advenerit,
889 1187 1017 1251 nomine
1047 1190 1218 1271 exquisito
1247 1190 1283 1254 ad

132 1318 205 1364 eum
236 1299 385 1362 dicuntur
416 1317 485 1361 sese
516 1297 672 1380 applioare
696 1298 750 1377 (vs.
776 1298 839 1360 340
864 1299 951 1381 sqq.).
998 1296 1064 1361 lam
1097 1317 1178 1364 vero
1210 1320 1284 1384 quo·

134 1409 220 1471 niam
254 1409 383 1471 atticum
417 1407 597 1488 exemptum
632 1426 726 1489 supra
760 1406 1099 1489 ostendimus'primis
1132 1407 1284 1472 Hieronis

133 1518 220 1600 regis
243 1517 335 1579 annis
358 1515 484 1578 dootum
508 1533 597 1594 esse,
631 1513 746 1577 deinde
775 1515 835 1577 nisi
866 1514 900 1576 in
928 1514 1052 1597 graecis
1083 1517 1216 1599 oppidis
1237 1535 1284 1580 res

133 1625 306 1689 comoediis
321 1629 466 1687 traotatas
491 1625 544 1706 agi
568 1642 631 1685 non
647 1621 755 1686 solitas
772 1641 840 1685 esse
863 1623 890 1684 si
912 1641 976 1686 non
992 1622 1283 1689 demonstravimus

134 1738 166 1796 at
188 1733 357 1796 admodum
390 1732 456 1795 veri
479 1731 582 1794 simile
605 1729 818 1810 reddidimus,
848 1730 986 1812 denique
1009 1731 1036 1793 si
1058 1750 1086 1794 a.
1111 1733 1179 1796 271
1204 1734 1284 1797 iuter

135 1838 355 1901 Alexandrum
391 1845 422 1901 et
450 1836 638 1901 Monunium
660 1834 831 1918 Epidamni
861 1835 1025 1899 dominum
1055 1836 1280 1922 belligeratum

135 1953 190 2030 est,
220 1950 329 2031 paucis
352 1948 443 2010 annis
466 1951 549 2030 post,
578 1945 644 2008 soil.
667 1944 743 2007 beili
766 1942 986 2009 Chremonidei
1009 1947 1221 2031 temporibus,
1241 1950 1281 2012 si·

134 2058 281 2122 multatas
304 2077 413 2122 eorum
437 2057 555 2139 positae
570 2055 705 2130 fuerunt,
728 2073 852 2116 summa
874 2073 946 2116 oum
961 2053 1188 2137 probabilitate
1210 2077 1280 2120 oon·

134 2167 299 2230 eludamus
321 2165 534 2248 Epidamnum
558 2164 650 2246 paulo
680 2166 749 2245 post
770 2182 797 2224 a.
822 2162 885 2234 270
912 2179 981 2226 esse
1003 2163 1189 2244 liberatam3
1222 2167 1279 2229 for·

134 2279 216 2338 tasse
248 2275 342 2338 etiam
378 2271 575 2336 Menaechmi
618 2269 722 2333 verbis
764 2290 790 2332 v.
815 2269 897 2332 1005
929 2271 965 2332 ia
1000 2277 1116 2350 putato
1164 2274 1279 2354 oppido

134 2404 224 2449 suam
256 2384 443 2448 sententiam
474 2381 612 2445 tribuere
641 2398 808 2463 possumus
840 2384 871 2442 et
901 2379 1072 2443 subaudire
1106 2383 1141 2444 in
1166 2383 1279 2467 oppido

50 2515 54 2520 ⁷
135 2509 244 2573 paoem
267 2490 388 2573 adepto,
411 2507 474 2550 non
497 2488 529 2549 in
547 2485 660 2569 oppido
683 2503 759 2568 paee
776 2488 898 2555 1110111ος
929 2503 1001 2547 nam
1023 2485 1113 2548 illam
1130 2487 1278 2552 artiorem

135 2599 199 2660 vim
226 2597 314 2661 verbi
340 2597 424 2679 quod
447 2601 495 2658 est
523 2598 650 2677 pacatus
679 2592 848 2675 aliquando
880 2612 973 2656 unam
999 2593 1136 2658 valuisse
1170 2597 1279 2681 negari

134 2707 253 2789 nequit.

221 2814 383 2898 Posidippi
406 2814 544 2877 fabulam
570 2833 588 2875 a
610 2812 722 2876 Plauto
746 2829 928 2890 expressam
947 2829 1015 2874 esse
1038 2830 1111 2876 oum
1134 2813 1192 2876 alii
1216 2819 1280 2879 tum

134 2924 335 3009 Ladewigius
358 2921 512 3004 (Philoii
535 2943 562 3004 p.
579 2920 656 3002 288)
680 2920 786 2983 doceri
809 2920 1073 2983 existimaverunt
1101 2920 1204 2986 nobili
1229 2924 1281 2987 1110

134 3032 291 3098 Athenaei
329 3035 396 3097 loeo
432 3051 524 3116 saepe
563 3034 692 3093 traotato
728 3027 818 3108 (XIV.
842 3028 904 3091 658
928 3029 976 3110 1.),
1008 3029 1100 3093 ouius
1139 3031 1181 3095 de
1221 3032 1282 3096 fide

136 3163 207 3207 oum
233 3163 318 3206 nuno
348 3143 432 3206 haud
463 3143 508 3204 ita
530 3140 622 3224 pauoi
646 3138 805 3218 dubitent,
834 3136 971 3200 breviter
993 3156 1128 3220 agamus
1151 3147 1283 3225 oportet

136 3250 182 3315 Εο
206 3253 312 3315 minus
336 3270 409 3314 vero
432 3251 465 3312 id
488 3250 600 3312 inutile
622 3247 739 3326 iodim,
762 3246 837 3329 quia
859 3265 913 3309 eos
936 3265 1071 3330 quoque,
1101 3249 1159 3331 qui
1183 3251 1284 3315 Athe·

134 3378 250 3423 naeum
280 3365 471 3443 sequuntur,
503 3358 629 3441 saepius
659 3376 770 3439 parum
799 3360 882 3418 reete
919 3354 1011 3418 video
1040 3355 1205 3424 iudicasse
1246 3360 1285 3424 de

135 3469 245 3552 coquis
267 3468 433 3533 Plautinis.
482 3467 600 3531 Verum
625 3465 707 3528 dixit
730 3483 811 3527 uuus
835 3469 985 3546 quantum
1010 3465 1075 3528 soio
1097 3463 1285 3553 Ussingius.

19 3576 21 3581 ’
134 3575 183 3639 En
205 3579 358 3642 Athenaei
374 3578 486 3642 verba:
511 3571 581 3636 οὐδὲ
604 3571 661 3656 γὰρ
685 3571 718 3634 ἂν
742 3571 823 3656 εὕροι
846 3595 888 3642 τις
912 3571 994 3655 ὑμῶν
1016 3573 1122 3636 δοῦλον
1140 3573 1286 3663 μάγειρόν

66 3688 69 3695 “
134 3706 198 3747 τινα
226 3685 256 3747 ἐν
279 3684 427 3770 κωμῳδίᾳ
449 3682 525 3766 πλὴν
549 3679 629 3766 παρὰ
655 3680 850 3765 Ποσειδίππῳ
875 3681 964 3765 μόνῳ.
1013 3681 1122 3744 Δοῦλοι
1154 3680 1177 3746 δ’
1208 3686 1286 3773 ὀψο-

134 3789 213 3854 ποιοὶ
237 3794 392 3877 παρῆλθον
417 3790 471 3854 ὑπὸ
495 3792 620 3874 πρώτων
647 3788 831 3852 Μακεδόνων
861 3788 920 3850 11τὲ.
967 3788 1051 3854 Num
1076 3809 1130 3855 eos
1155 3812 1286 3879 aequae,

136 3903 192 3986 qui
219 3900 371 3986 μάγειροι,
401 3902 439 3966 ab
470 3903 531 3983 eie,
562 3897 1061 3983 11111111010101001111110110111111,
1095 3899 1288 3970 discreverit

134 4011 336 4094 epitomator,
368 4013 525 4076 incertum
547 4015 603 4091 est,
626 4008 849 4072 discernendos
873 4027 941 4071 esse
971 4009 1004 4071 in
1027 4009 1133 4074 atticis
1157 4031 1285 4080 comoe-

134 4116 195 4182 diis
218 4138 404 4202 persuasum
436 4120 544 4184 habeo.
590 4115 652 4192 Qui
674 4117 766 4179 aliter
788 4120 911 4192 censet,
945 4121 1001 4180 aut
1024 4117 1191 4184 Athenaeo
1216 4141 1286 4187 om·

134 4245 207 4290 nem
230 4229 326 4293 fidem
351 4231 519 4315 abrogare,
550 4228 583 4290 id
608 4226 691 4310 quod
716 4227 770 4288 vix
794 4226 881 4308 prius
904 4226 1005 4291 iacere
1029 4226 1155 4310 licebit,
1186 4248 1287 4314 quam

134 4337 291 4420 quomodo
313 4338 392 4402 illud
416 4339 528 4402 dooere
550 4335 687 4421 potuerit
716 4338 788 4418 apte
811 4334 1002 4418 explicatum
1026 4334 1102 4420 erit,
1131 4342 1190 4403 11111
1210 4357 1287 4425 per·
