2836 4838
626 243 668 324 5'3

159 422 326 518 Explicavi
356 453 458 498 meam
490 434 529 497 de
552 434 647 499 rebus
669 433 883 498 siciliensibus
905 426 1108 512 sententiam3
1139 447 1221 513 qnae

70 543 100 605 si
131 546 217 606 recta
247 546 309 624 est,
341 547 372 605 et
405 542 476 622 ipsa
499 542 690 606 demonstrat
712 541 885 605 Hieronem
914 543 977 605 iam
1010 548 1081 607 anta
1104 563 1131 606 a.
1156 544 1219 606 270

17 695 23 719 .
70 649 344 732 Syracusanorum
367 650 541 731 obtinuisse
564 647 781 735 principatum.
828 650 1023 735 Quapropter
1052 670 1116 715 non
1144 651 1220 716 licet

70 760 236 843 dubitare,
266 761 342 844 quin
373 760 434 843 ipsi
457 759 581 842 Pyrrho
605 761 798 825 successerit
844 758 906 825 Sed
937 781 977 824 ne
1011 765 1083 825 ante
1105 760 1221 843 Pyrrhi

70 871 203 955 quidem
227 871 261 932 in
283 868 424 933 Siciliam
449 870 621 934 adventum
645 870 806 933 Phintiam
831 870 930 933 ullum
954 875 1009 934 aut
1031 867 1220 953 Liparoncm

71 977 344 1061 Syracusanorum
361 978 550 1062 praefectum
571 979 668 1042 fuisse
691 978 782 1042 facilc
805 979 883 1042 mihi
899 981 1118 1062 persuaserim.
1152 978 1221 1044 Etsi

71 1088 161 1152 enim
191 1087 230 1151 de
253 1088 365 1152 horum
389 1091 564 1171 temporum
588 1087 683 1152 rebus
712 1107 774 1151 non
807 1089 976 1153 edocemur
1003 1089 1066 1152 nisi
1087 1086 1220 1153 Diodori
1301 1082 1304 1087 ’

70 1196 227 1261 librorum
250 1195 334 1259 XXI
364 1201 395 1260 et
416 1196 517 1260 XXII
540 1199 712 1281 excerptis,
745 1204 850 1261 tamen
882 1217 922 1261 ex
958 1198 1005 1261 eis
1035 1199 1113 1281 ipsis
1145 1199 1220 1262 satis

73 1311 161 1370 certa
192 1307 330 1388 ratione,
361 1306 424 1370 nisi
464 1305 621 1389 fallimur,
653 1307 762 1390 colligi
799 1312 902 1390 potest
935 1312 1005 1390 post
1035 1307 1220 1391 Agathoclis
1265 1317 1267 1322 ’

72 1421 207 1480 mortem
240 1416 312 1480 cum
336 1414 430 1479 Meno
464 1415 573 1480 urbem
606 1417 834 1500 aggrederetur
855 1415 950 1497 (XXI
973 1417 1083 1500 tae),
1113 1419 1220 1482 satim

72 1519 221 1584 Hicetam
253 1521 376 1585 iussum
410 1541 478 1585 esse
517 1542 585 1586 eam
619 1522 702 1585 tueri
733 1520 827 1603 (XXI
851 1523 900 1602 18,
914 1522 959 1604 1),
991 1522 1046 1605 qui
1078 1542 1141 1585 non
1177 1524 1222 1587 ita
1271 1553 1272 1557 ¹

64 1628 176 1692 ‘multo
206 1633 275 1712 post
303 1630 503 1710 tyrannidem
535 1631 697 1714 usurpavit
719 1629 828 1712 (XXII
853 1630 929 1712 2,1)
960 1635 992 1694 et
1023 1650 1136 1696 novem
1167 1651 1223 1716 per

73 1756 176 1801 annos
206 1757 277 1801 oum
309 1738 478 1822 imperium
508 1739 713 1821 obtinuisset,
746 1740 897 1824 expulsus
929 1746 977 1804 est
1006 1762 1025 1805 a
1052 1738 1221 1806 Thoanone

76 1844 191 1930 (XXII
216 1848 244 1927 7,
260 1847 300 1922 2).
352 1845 438 1910 [nter
470 1847 670 1911 Thoenonem
712 1866 786 1911 vero
823 1845 1089 1934 Sosistratumque
1127 1855 1221 1935 atque

73 1953 235 2036 Pyrrhum
266 1956 354 2019 locus
377 1956 483 2018 nullus
507 1960 554 2019 est
577 1957 647 2020 aliis
671 1957 866 2041 principibus
889 1949 1001 2040 (XXII
1025 1963 1052 2044 7,
1069 1962 1106 2041 33
1141 1962 1219 2043 7,6;

73 2068 105 2149 8,
120 2067 163 2148 4).
210 2064 335 2129 Corruit
357 2065 457 2148 igitur
480 2064 608 2129 Gerchii
632 2067 670 2131 de
693 2066 822 2132 Phintia
845 2072 875 2131 et
898 2067 1051 2152 Liparone
1074 2072 1221 2155 suspici0,

73 2174 150 2239 ficta
171 2177 245 2239 sunt
266 2174 404 2237 nomina.

165 2281 213 2346 De
236 2301 273 2346 eo
297 2281 513 2345 tantummodo
537 2283 647 2365 quaeri
670 2288 779 2367 potest,
809 2289 912 2348 utrum
936 2284 970 2347 in
1000 2288 1094 2350 attica
1115 2286 1222 2352 fabula

75 2392 198 2458 fuerint
234 2412 271 2456 an
307 2393 434 2456 demum
477 2393 511 2453 in
550 2411 712 2455 romanam
750 2393 869 2456 inserta
906 2394 985 2474 sint3
1019 2399 1113 2478 atque
1148 2412 1222 2459 cum

74 2502 231 2567 tralaticia
265 2503 372 2586 opinio
412 2502 471 2566 hoc
505 2502 609 2585 potius
643 2501 855 2580 commendet,
888 2503 987 2566 fateor
1020 2504 1099 2566 mihi
1140 2500 1221 2568 illud

74 2613 177 2677 multo
207 2613 274 2676 veri
305 2613 442 2676 similius
476 2612 576 2675 videri
606 2631 699 2694 quam
724 2612 790 2675 hoc.
846 2611 990 2677 Primum
1021 2615 1106 2678 enim
1137 2619 1221 2679 certe

75 2726 183 2788 errant
216 2721 272 2805 qui
304 2721 490 2806 Agathoclis
531 2726 562 2785 at
594 2720 743 2784 Hieronis
777 2723 905 2786 nomina
939 2742 1068 2787 romano
1104 2728 1222 2807 poetae,

73 2852 141 2896 non
163 2849 295 2916 graecu,
329 2830 436 2894 deberi
459 2835 578 2914 putant.
626 2831 673 2893 An
704 2831 731 2893 si
754 2829 953 2895 Menaechmi
982 2851 1016 2896 re
1049 2851 1123 2896 vera
1143 2831 1222 2898 Hie-

15 2924 40 2977 .‘
74 2959 154 3006 rone
204 2958 296 3023 rege,
329 2940 349 3002 i.
372 2958 397 3002 e.
437 2938 529 3021 paulo
568 2943 640 3002 ante
672 2959 698 3001 a.
730 2939 792 3001 215
829 2939 949 3004 Romae
998 2942 1088 3005 docta
1132 2948 1222 3023 esset,

74 3048 182 3114 Plauti
212 3049 363 3112 interesse
395 3049 496 3131 potuit
527 3066 618 3132 reges
642 3047 856 3130 Syracusanos
890 3049 1023 3114 alterurn
1053 3051 1092 3114 ab
1124 3052 1221 3116 altero
1282 3117 1284 3120 ,

75 3162 225 3241 exceptos
248 3156 475 3241 spectatoribus
497 3158 707 3221 enumerare?
736 3160 920 3240 praesertim
942 3179 1013 3223 oum
1037 3160 1135 3223 Hiero
1158 3163 1221 3224 iam

76 3285 178 3353 paene
201 3267 369 3351 sexaginta
391 3286 491 3330 annos
514 3268 682 3350 imperinm
706 3266 883 3331 obtineret?
921 3267 1021 3332 Immo
1044 3270 1112 3352 ipsa
1135 3270 1222 3353 Aga-

73 3376 189 3442 thoclis
212 3377 330 3440 mentio
353 3377 479 3459 saepius
502 3375 540 3439 ab
565 3376 668 3439 atticis
692 3376 808 3459 poetis,
840 3397 859 3440 a
888 3379 1026 3441 romanis
1059 3399 1223 3462 nunquam

76 3486 162 3571 quod
186 3487 323 3550 sciamus
345 3487 427 3549 facta
442 3490 547 3569 aperte
564 3486 728 3548 ostendere
751 3486 829 3548 mihi
850 3486 975 3550 videtur
997 3506 1069 3550 eum
1094 3488 1223 3572 quidem

74 3600 161 3660 certo
184 3595 223 3658 ab
247 3595 436 3677 exemplaris
459 3600 586 3659 auctore
609 3595 770 3658 laudatum
793 3595 909 3674 fuisse3
935 3601 966 3659 et
994 3601 1061 3660 tum
1094 3599 1222 3662 demum
1351 3623 1354 3628 ·

74 3709 109 3768 ct
130 3703 307 3788 principum
332 3704 486 3768 enarratio
522 3708 553 3767 et
576 3704 688 3767 ultima
714 3703 811 3768 rerba
839 3703 893 3785 qni
917 3703 951 3766 in
973 3709 1069 3768 morte
1091 3723 1223 3785 regnam

72 3809 214 3878 Hieroni
236 3812 386 3890 tradidit,
421 3833 507 3876 noae
531 3810 660 3877 Hieroni
691 3819 796 3899 aptam
827 3815 944 3879 habent
973 3816 1224 3899 explicationem.

72 3921 143 3987 Iam
171 3941 244 3986 roro
267 3942 343 3986 num
368 3924 534 3987 credemus
555 3943 611 4007 pro
636 3924 761 3987 Phintia
787 3929 818 3988 et
838 3923 994 4008 Liparone
1016 3944 1107 3988 veros
1130 3922 1224 4005 Syra·

72 4051 268 4097 eusanorum
290 4032 495 4116 imperatores
525 4033 558 4094 in
581 4052 695 4116 graeca
718 4033 825 4096 fabula
848 4038 1045 4117 nuncupatos
1067 4034 1164 4097 fuisse
1194 4037 1225 4097 et

73 4161 96 4206 a
117 4140 231 4205 Plauto
263 4141 381 4206 deletos
403 4161 523 4226 proque
555 4143 601 4206 eis
630 4141 719 4205 fictos
749 4143 883 4206 insertos
913 4144 1005 4207 esse?
1050 4142 1151 4219 Quam
1184 4143 1223 4208 ob
1281 4151 1283 4156 '

71 4267 144 4314 rem
167 4250 199 4313 id
216 4268 289 4314 eum
308 4250 419 4315 fecisse
436 4250 589 4314 censeas?
621 4248 836 4334 Spectatorum
853 4253 962 4315 saltem
979 4253 1074 4337 longe
1089 4253 1223 4317 minima

70 4377 150 4447 pars
174 4358 213 4423 de
235 4359 348 4425 horum
373 4365 547 4445 temporum
570 4359 665 4425 rebus
689 4359 860 4446 quicquam
883 4362 1010 4447 sciebat,
1036 4364 1123 4428 acsi
1146 4362 1223 4449 quid

1016 4474 1038 4536 4
