2836 4838
707 303 747 366 27

140 477 252 546 'altero
267 478 379 545 sertus
394 481 471 544 eius.
505 479 663 544 Neutrum
686 477 783 542 altero
798 481 1002 563 praeparatur
1025 472 1073 541 rol
1091 477 1302 560 continuatur,

150 589 229 671 quin
254 587 350 652 etiam
373 588 516 653 diversae
539 605 690 672 personae
714 586 759 650 eis
785 584 984 667 adhibentur,
1007 585 1105 649 veluti
1127 585 1301 650 Pleusicles

148 699 184 760 in
217 702 288 761 actu
312 698 452 762 secundo
477 699 579 761 locum
612 697 737 760 nullum
760 694 900 779 habet*).
946 695 994 758 Ad
1017 695 1207 777 Alazonem,
1238 715 1300 779 qua

93 815 100 899 j
150 826 192 870 ex
209 806 343 870 Militem
365 807 544 871 Gloriosum
561 807 744 871 translatam
767 824 835 869 esse
851 805 1001 889 prologus
1022 804 1120 887 docet,
1144 805 1301 888 pertinent

148 918 252 1000 prima
267 917 448 999 scaena**),
471 921 559 981 actus
575 921 714 1001 quartus,
737 915 876 999 quintus,
899 913 983 978 tertii
1007 933 1087 997 pars,
1109 913 1147 976 ad
1168 915 1299 978 alteram

146 1025 292 1108 ignotam
306 1025 444 1090 fabulam
461 1030 550 1090 actus
566 1026 743 1105 secundus3
775 1024 897 1106 reliqua
912 1023 996 1086 tertii
1017 1042 1088 1105 pars
1110 1023 1150 1086 ad
1166 1025 1298 1087 coniun-

146 1134 269 1218 gendas
301 1135 372 1198 illas
402 1136 484 1199 facta
515 1140 569 1199 est.
616 1134 703 1210 Quae
733 1133 882 1218 prologus
914 1131 953 1196 de
984 1130 1116 1195 fallaciis
1146 1131 1298 1197 adversus

146 1262 275 1308 servum
297 1245 460 1308 instructis
483 1249 597 1320 narrat,
620 1245 659 1308 ad
682 1248 788 1308 actum
810 1243 985 1307 secundum
1008 1245 1163 1325 spectant,
1193 1261 1297 1325 neque
1379 1236 1382 1241 ’

146 1370 223 1414 vero
246 1352 331 1435 prior
362 1353 432 1417 eius
455 1373 527 1437 pars
550 1354 678 1438 seiungi
702 1357 802 1437 potest
831 1353 870 1417 ab
894 1352 1051 1431 Alazone,
1081 1369 1219 1435 namque
1242 1370 1298 1416 ex·

135 1461 328 1545 ponendum
351 1463 428 1546 fnit,
464 1464 519 1547 qui
542 1464 658 1527 factum
690 1463 747 1544 sit,
778 1467 813 1526 ut
834 1459 1102 1524 Philocomasium
1123 1460 1297 1524 Palaestrio

145 1569 321 1634 Pleusicles
337 1569 498 1654 Ephesum
523 1571 675 1636 venerint
710 1570 762 1633 Ad
782 1570 955 1633 Alazonem
978 1569 1078 1653 igitur
1098 1568 1189 1655 redit,
1212 1569 1297 1652 quod
1364 1558 1366 1562 ’

147 1677 420 1762 Pyrgopolynices
451 1700 506 1764 pro
538 1679 669 1744 Seleuco
708 1699 785 1764 rege
816 1679 953 1742 latrones
984 1677 1218 1761 conscripturus
1241 1684 1296 1761 est,

144 1788 413 1852 Philocomasium
446 1789 486 1853 ab
516 1790 571 1853 illo
599 1789 733 1853 Athenis
757 1789 919 1872 Ephesum
945 1787 1080 1851 abducta
1106 1792 1169 1868 est,
1193 1787 1294 1852 -Pleu-

145 1898 240 1963 sioles
262 1917 397 1981 magnae
419 1899 466 1962 rei
490 1898 634 1982 publicae
657 1918 753 1962 cansa
775 1897 973 1982 Naupactum
997 1897 1091 1980 abiit,
1120 1897 1293 1962 Palaestrio

146 2027 167 2072 a
189 2007 400 2091 praedonibus
422 2012 531 2091 captus
553 2013 585 2072 et
607 2008 699 2072 militi
723 2008 805 2072 dono
829 2009 920 2072 datus
942 2007 1073 2089 est***).
1222 1998 1225 2004 ’

237 2267 263 2338 *)
283 2267 324 2322 De
343 2267 416 2321 vitiis
442 2268 523 2322 huius
546 2266 658 2322 tabulae
685 2267 720 2322 ct.
740 2269 891 2323 Lorenzius
917 2268 946 2321 in
964 2265 1139 2336 praefatione
1158 2267 1294 2336 editionis,

146 2361 194 2430 qui
213 2367 244 2414 ut
262 2362 394 2415 nonnulla
412 2361 491 2415 nimis
511 2363 614 2430 pressit
632 2363 673 2416 ita
690 2363 719 2416 in
737 2363 893 2417 universum
911 2368 987 2416 recte
1006 2361 1186 2416 ratiocinatus
1206 2368 1256 2418 est.

235 2453 277 2524 **)
298 2454 349 2522 Qui
370 2455 441 2508 hanc
460 2471 493 2509 ex
513 2454 568 2509 alia
586 2454 683 2510 fabula
695 2461 831 2524 sumptam
850 2461 933 2522 atque
952 2455 1079 2509 aPlauto
1098 2455 1196 2509 ceteris
1214 2471 1294 2523 prae·

144 2549 256 2604 missam
283 2564 343 2603 esse
370 2549 476 2617 opinati
499 2555 574 2617 sunt,
603 2550 688 2604 veluti
713 2550 863 2603 Lorenzius
887 2549 904 2602 l.
924 2550 942 2603 l.
962 2567 988 2617 p.
1008 2553 1053 2616 32,
1080 2549 1176 2603 vellem
1202 2565 1293 2603 secum

142 2647 321 2711 reputassent
331 2642 429 2696 Militis
450 2643 603 2711 exemplum
616 2642 733 2706 Ἀλαζών
752 2643 913 2710 inscriptum
932 2640 1027 2695 fuisse.
1057 2642 1207 2696 Collooatio
1227 2658 1291 2696 vero

141 2735 224 2789 huius
243 2751 359 2790 scaenae
378 2735 522 2789 offensioni
541 2752 601 2790 esse
621 2752 675 2790 non
694 2735 795 2802 debuit,
815 2751 878 2789 nam
897 2734 992 2804 quidni
1017 2740 1100 2803 poeta
1119 2736 1291 2791 Cistellariae

143 2828 297 2896 exemplum
315 2827 521 2896 Menandreum,
545 2829 687 2898 Euripidis
707 2829 877 2898 Iphigeniam
894 2827 1078 2896 Aulidensem,
1096 2829 1291 2900 Aristophanis

139 2919 257 2989 Equites
277 2925 389 2975 secutus
408 2937 469 2977 esse
489 2928 582 2991 potest
601 2922 773 2977 existimari?

233 3011 291 3083 ***)
310 3014 342 3068 V.
363 3016 415 3068 350
442 3031 549 3084 quoque
577 3023 668 3069 utrum
699 3015 734 3069 ad
762 3015 911 3069 Alazonem
941 3014 1079 3083 pertineat
1104 3031 1188 3069 necne
1215 3023 1290 3071 ante·

142 3119 225 3174 quam
243 3106 427 3174 emendarent,
447 3108 473 3161 ei
491 3109 545 3177 ipsi
559 3125 691 3176 quaerere
704 3108 865 3175 debuerunt,
885 3108 931 3176 qui
944 3108 1061 3162 Militem
1078 3109 1290 3163 contaminatam

91 3187 96 3194 ’
141 3197 258 3270 putant3
284 3199 352 3254 satis
375 3201 531 3255 habuerunt
563 3203 712 3257 trienninm
740 3206 859 3268 mutare,
885 3201 950 3269 quia
977 3201 1088 3254 nimium
1112 3206 1192 3256 esset.
1234 3203 1289 3256 Res

140 3293 212 3347 satis
236 3290 356 3348 difficilis
382 3299 425 3348 est
450 3293 609 3350 diiudicatu.
653 3296 755 3349 Exstat
779 3310 874 3348 versus
902 3295 930 3347 in
956 3294 1046 3347 aliena
1072 3298 1153 3361 parte
1178 3293 1290 3350 fabulae

140 3385 396 3454 multoquemelius
421 3385 456 3439 ad
482 3402 543 3441 eum
562 3386 663 3442 referri
681 3386 789 3441 videtur
808 3386 1038 3452 Palaestrionem,
1067 3385 1114 3453 qui
1132 3385 1236 3440 aditum
1261 3387 1290 3439 in

139 3478 335 3533 Philocomasii
364 3480 492 3534 conclave
519 3480 653 3549 patefecit
688 3496 801 3548 eamque
834 3477 964 3533 adversus
994 3493 1153 3532 conservum
1184 3478 1289 3547 incitat,

139 3568 277 3639 quemad
296 3586 368 3638 eum,
395 3573 471 3625 cuius
496 3572 529 3627 de
550 3572 738 3641 frequentiore
759 3589 818 3625 oum
837 3572 950 3626 muliere
970 3570 1166 3626 consuetudine
1187 3604 1217 3612 -
1238 3574 1289 3628 tali

139 3662 257 3732 quidem,
277 3665 366 3732 qualis
386 3682 402 3719 a
421 3665 550 3720 Sceledro
570 3667 692 3736 potuerit
712 3665 892 3721 animadverti
911 3698 945 3706 —
964 3682 1014 3720 neo
1033 3681 1071 3718 vs.
1093 3669 1143 3719 123
1161 3683 1219 3735 sqq.
1240 3684 1289 3722 nec
1342 3735 1345 3739 ι

136 3771 177 3811 vs.
197 3759 250 3810 974
269 3771 327 3825 sqq.
348 3758 470 3827 cogitare
490 3760 589 3814 sinunt.
628 3760 758 3814 Dolemus
783 3776 834 3814 nos
858 3760 977 3827 nescire,
1002 3760 1083 3829 quale
1108 3762 1222 3816 alterius
1248 3760 1289 3814 fa-

134 3850 218 3905 bulae
237 3858 428 3919 argumentum
452 3851 551 3920 fuerit;
579 3852 700 3908 fortasse
728 3854 767 3907 ibi
791 3855 922 3908 meretrix
948 3853 1050 3908 dudum
1077 3853 1151 3923 apud
1176 3855 1289 3908 militem

136 3944 285 3999 habitabat
311 3951 339 4000 et
368 3945 570 4002 adulescentem
598 3949 729 4016 vicinum,
759 3965 839 4016 quom
867 3947 941 4003 forte
970 3947 1117 4015 aliquando
1145 3949 1287 4002 ambulans

132 4036 305 4105 attenderat,
335 4053 428 4093 amare
454 4041 545 4108 coepit
571 4047 654 4109 atquc
679 4057 787 4096 servum
811 4041 1028 4095 Palaestrionem
1054 4041 1156 4108 orarit,
1185 4047 1216 4094 ut
1235 4042 1288 4096 sibi

132 4129 242 4197 copiam
261 4127 369 4200 iaceret
389 4137 540 4186 amatorem
560 4134 738 4190 conveniendi
757 4135 864 4204 pariete
883 4131 1019 4201 perfosso.
1049 4137 1089 4188 Ac
1108 4139 1166 4187 tum
1179 4135 1288 4202 quidem

130 4223 284 4282 triennium
307 4224 426 4279 libenter
452 4224 582 4280 feramus.
626 4229 795 4295 Quamquam
819 4243 861 4282 me
885 4243 940 4280 non
963 4226 1035 4295 fugit
1059 4229 1178 4296 spatium
1203 4229 1286 4283 trium

130 4316 268 4373 mensium
292 4317 344 4370 hoc
367 4318 428 4372 loco
449 4319 552 4388 optime
582 4336 611 4374 se
636 4320 753 4386 habere,
782 4337 844 4375 nam
870 4322 942 4390 „illic
968 4321 1033 4374 licet
1058 4337 1112 4374 non
1137 4322 1199 4390 plus
1228 4327 1285 4377 tros

130 4425 240 4468 menses
259 4416 355 4469 noster
374 4412 423 4482 sit,
455 4418 547 4471 tamen
565 4415 634 4470 nulli
652 4415 700 4469 alii
723 4431 804 4484 quam
829 4415 870 4471 illi
888 4413 992 4472 famulo
1017 4415 1046 4471 in
1064 4421 1160 4472 nostra
1172 4416 1288 4472 meliust
